2198 3764
149 213 188 277 '1⁹0
501 207 690 271 wem

147 379 235 438 quom
255 359 378 418 minime
397 364 434 418 ut
452 359 547 436 possit
565 358 676 417 mixtos
695 357 728 416 in
748 377 869 436 corpore
889 357 1000 419 odores

145 462 355 534 concoctosque
374 475 430 515 suo
445 460 638 514 contrectans
655 455 779 532 perdere
797 454 874 528 viro,

146 560 267 634 propter
287 554 411 614 eundern
430 574 492 614 rem
511 555 621 613 debent
640 553 801 632 primordio
820 571 925 612 rerum

146 672 208 712 non
227 652 367 711 edhibere
387 671 473 710 suum
493 650 653 730 gignundis
672 651 761 709 rebus
780 650 901 708 odorem
991 650 1048 709 855

145 769 201 809 nec
220 751 358 822 sonitum,
380 749 518 826 quonism
538 747 583 807 nil
603 749 642 806 eb
661 767 693 806 se
712 748 831 806 mittere
851 753 990 825 possunt,

145 867 201 906 nec
220 847 312 906 simili
331 848 446 905 ratione
467 865 599 923 soporem
619 845 746 922 denique
765 863 946 922 quemquam

145 961 200 1002 neo
217 942 313 1020 frigus
330 961 428 1020 neque
444 941 518 1000 item
535 940 664 999 calidum
683 940 875 1017 tepidumque
893 960 1044 1018 vaporem,

124 1110 129 1116 ,
146 1047 257 1114 ceters;
273 1060 349 1118 quse
362 1059 429 1098 cum
442 1039 487 1097 its
500 1045 572 1097 sunt
584 1045 685 1096 temen
698 1043 734 1097 ut
746 1037 884 1095 mortuiis
898 1043 1044 1109 constent,

146 1139 229 1198 molli
248 1141 339 1213 lento,
359 1139 477 1216 irsgoso
496 1137 586 1214 putri,
607 1156 681 1195 osvo
700 1155 819 1214 corpore
839 1156 919 1212 raro,
989 1137 1046 1196 860

146 1237 246 1296 omnio
264 1237 327 1296 sint
346 1256 365 1295 o
383 1235 537 1314 principiis
556 1235 690 1293 seiuncta
708 1239 865 1307 necessest,

145 1331 316 1392 inmortalis
335 1333 362 1390 si
380 1332 519 1391 volumus
538 1332 715 1409 subiungere
734 1333 822 1391 rebus

145 1430 340 1488 fundamenta
359 1428 468 1506 quibus
486 1428 603 1495 nitetur
622 1448 737 1487 summo
756 1428 862 1488 solutis
872 1450 883 1503 ;

145 1546 184 1586 ne
203 1528 260 1586 tibi
279 1545 328 1585 res
346 1526 470 1586 redeant
489 1525 527 1584 sd
547 1526 643 1584 nilum
662 1526 799 1585 funditus
818 1547 931 1589 omncs

146 1688 249 1746 Atoms
262 1707 313 1746 cre
321 1687 444 1746 without
452 1707 538 1760 sense,
548 1687 599 1747 but
612 1688 677 1764 they
685 1687 813 1765 prosim
823 1687 924 1765 thirsps
935 1690 1046 1768 hasim

185 1805 271 1844 secu.
313 1785 354 1846 So
376 1805 480 1844 worme
505 1805 581 1845 come
592 1784 680 1861 from
700 1785 790 1860 donq,
815 1785 949 1846 antaeo
961 1789 1046 1864 from

176 1880 264 1955 sood,
279 1900 315 1952 as
323 1879 385 1957 sm
395 1879 482 1956 from
492 1880 570 1957 soei
614 1881 674 1940 Tlos
691 1882 776 1942 order
791 1882 855 1941 aod
872 1885 1052 1964 motiomos

186 1975 231 2035 the
243 1985 337 2036 atem
350 1996 402 2035 ore
415 1975 640 2053 all-important.

185 2091 276 2151 Nunc
289 2111 324 2150 es
338 2110 413 2168 qsree
423 2092 534 2150 sentire
544 2092 679 2152 videmus
689 2112 814 2172 cumque
823 2104 978 2158 necenest
991 2099 1047 2159 865

146 2207 184 2246 ex
203 2188 394 2248 insensilibus
413 2194 516 2248 tomen
535 2190 635 2248 omnis
655 2192 813 2250 confiteare

145 2284 300 2362 principiis
320 2289 463 2343 constsre.
490 2304 587 2362 neque
606 2286 638 2344 id
657 2287 826 2347 manufesto
844 2289 989 2353 refutent

146 2402 200 2441 nec
219 2389 323 2441 contro
342 2389 487 2459 pugnent,
506 2383 539 2440 in
558 2391 698 2462 promptu
716 2386 835 2463 cognite
854 2407 935 2466 quoe
947 2390 1035 2465 'sunt

145 2480 195 2538 sed
215 2479 310 2557 megin
329 2479 394 2556 ipse
413 2499 505 2538 manu
524 2481 639 2542 ducunt
657 2489 689 2541 et
708 2485 825 2544 credere
844 2497 964 2566 cogunt

145 2597 184 2636 ox
203 2577 402 2648 insensilibus,
424 2576 504 2654 quod
523 2577 599 2652 dico,
619 2578 759 2639 animulis
777 2581 871 2658 gigni.
992 2589 1049 2650 870

145 2673 254 2751 quippe
273 2673 375 2734 videre
393 2673 466 2732 licet
483 2674 569 2733 vivos
588 2675 715 2735 existere
734 2697 850 2736 vermes

145 2776 273 2830 stercore
292 2771 330 2829 de
349 2777 455 2844 toetro,
475 2777 612 2849 putorem
632 2792 700 2832 cum
720 2774 778 2833 sibi
796 2782 889 2836 noctu
907 2787 961 2840 est

145 2869 362 2944 intempestivis
382 2890 420 2928 ex
439 2869 584 2928 imbribus
603 2870 705 2929 umida
724 2871 831 2946 tellus3

145 2972 299 3043 praetereo
317 2972 439 3026 cunctos
457 2967 562 3026 itidem
582 2987 630 3026 res
648 2972 764 3027 vertere
783 2988 855 3031 sese.

146 3066 270 3120 vertunt
288 3080 320 3119 se
339 3063 425 3130 fluuii
444 3062 565 3122 frondes
584 3069 617 3123 et
635 3065 744 3142 pebuls
763 3066 844 3126 lueto
993 3075 1046 3138 875

145 3158 180 3218 in
198 3158 333 3235 pecudes,
353 3165 480 3220 vertunt
498 3161 625 3238 pecudes
643 3162 677 3220 in
696 3181 819 3240 corporo
837 3174 950 3231 nostra

145 3261 293 3328 usturam,
314 3259 347 3313 et
365 3261 468 3315 nostro
487 3256 525 3315 ds
544 3276 665 3335 corpore
684 3277 770 3335 saepe
790 3258 929 3325 ferarum

146 3358 308 3428 augescunt
327 3352 406 3411 vires
426 3357 458 3413 et
477 3372 599 3430 corporo
618 3355 877 3434 pennipotentum.
