2198 3764
155 212 196 274 84
510 211 702 275 nvom!

155 365 286 420 maceret
301 359 424 419 invidie
446 366 517 419 ante
533 361 633 420 oculos
650 352 737 418 illum
752 380 816 420 esse
833 365 1006 438 petentem,
1026 360 1062 422 75

157 461 243 519 illum
263 459 419 536 especteri,
437 459 516 517 clero
533 459 585 536 qui
602 458 715 517 incedit
730 458 854 532 honore,

157 555 216 633 ipsi
232 575 263 614 se
282 556 316 614 in
335 555 467 614 tenebris
486 555 569 614 volvi
588 574 737 633 caenoque
756 560 941 632 queruntur.

157 652 312 710 intereunt
329 651 440 728 partim
459 657 629 710 statumen
650 657 682 711 et
700 652 830 710 nominis
857 671 942 730 ergo.

159 755 191 808 et
210 768 297 826 saepe
317 750 512 827 usqueadeo,
534 751 639 808 mortis
658 749 827 825 formidine,
849 751 937 810 vitee

158 850 286 927 percipit
304 848 449 907 humanos
469 848 570 906 odium
590 848 724 926 lucisque
743 847 904 924 videndae,
1027 847 1062 908 80

159 952 196 1004 ut
215 946 273 1005 sibi
292 945 475 1004 consciscant
494 944 639 1002 maerenti
658 951 777 1021 pectore
796 943 896 1003 letum

160 1043 247 1103 obliti
266 1043 381 1102 iontem
401 1062 538 1101 curarum
559 1043 638 1102 hunc
658 1062 722 1102 esse
741 1043 891 1116 timorem,

160 1142 215 1218 qui
233 1141 351 1200 miseros
370 1140 499 1199 homines
518 1160 618 1216 copem
636 1140 728 1200 ecclue
747 1161 829 1199 omne
844 1151 977 1218 patrare

161 1239 241 1297 hunc
260 1257 369 1296 vexere
388 1237 538 1314 pudorem,
561 1236 641 1296 hune
660 1238 782 1296 vincula
800 1238 951 1296 amicitiai

161 1355 298 1414 rumpere
317 1341 350 1394 et
368 1335 402 1392 in
418 1354 537 1392 summe
556 1334 699 1412 pietatem
718 1340 850 1394 evertere
871 1336 1005 1409 suadet3

161 1452 231 1491 nem
249 1434 309 1491 iem
323 1451 410 1508 saepe
422 1431 557 1489 homines
570 1433 698 1508 petriam
712 1439 852 1510 ceresque
867 1434 1006 1508 parentis
1024 1433 1056 1492 85

162 1530 366 1608 prodiderunt,
387 1529 483 1588 vitare
501 1528 669 1588 Acherusia
689 1529 800 1607 temple
819 1536 970 1606 petentes

163 1646 233 1684 nam
252 1626 349 1684 veluti
368 1625 455 1702 pueri
474 1625 627 1703 trepident
646 1633 736 1703 etque
756 1626 857 1684 emnia
878 1627 978 1686 caecis

149 1722 197 1795 in
216 1721 346 1779 tenebris
365 1727 514 1795 metuunt,
534 1722 576 1780 sic
595 1741 650 1786 nos
669 1722 703 1779 in
722 1722 789 1780 luce
809 1721 958 1782 timemus

164 1819 322 1892 interdum,
344 1820 407 1877 nilo
426 1838 502 1896 quee
522 1824 594 1876 sunt
617 1819 776 1876 metuende
795 1819 893 1895 magis
914 1840 1007 1898 quem

165 1937 240 1994 quae
260 1917 345 1994 pueri
357 1917 391 1975 in
403 1915 534 1974 tenebris
547 1915 686 1992 pevitent
698 1916 875 1991 finguntque
888 1915 1004 1976 future
1025 1916 1054 1975 9⁰

165 2016 245 2074 hunc
264 2016 357 2092 igitur
376 2021 518 2073 terrorem
538 2013 632 2071 enimi
650 2014 848 2089 tenebrasque
867 2021 1021 2074 necessest
1040 2044 1045 2055 ·

48 2128 53 2138 '
165 2131 226 2170 non
246 2111 324 2170 radii
346 2111 417 2169 solis
436 2129 533 2188 neque
552 2109 651 2167 lucide
670 2109 731 2167 tels
751 2109 811 2167 diei

166 2210 338 2283 discutient,
359 2208 410 2268 sed
429 2215 554 2267 naturae
574 2209 685 2284 species
704 2209 847 2285 ratioque.

166 2371 258 2432 Minci
270 2372 333 2430 and
344 2372 409 2431 seul
420 2391 470 2430 atre
478 2381 564 2448 parts
577 2370 614 2446 os
621 2372 665 2430 tte
677 2371 758 2447 body.
795 2371 857 2433 Pte
867 2374 938 2434 ccul
949 2375 978 2439 ie
990 2383 1055 2433 nete

215 2467 380 2544 ‘hcrmocp'
394 2488 427 2526 cr
440 2467 600 2543 liseps‘cc‘np
611 2475 684 2526 etate
693 2466 731 2544 cf
737 2466 781 2526 tlte
794 2467 877 2548 body.
921 2471 1030 2551 Precss.

207 2589 342 2649 Primum
370 2589 503 2648 animum
531 2588 607 2662 dico,
635 2595 765 2646 mentem
791 2608 885 2667 quem
910 2612 1002 2674 saepe
1018 2613 1056 2652 vc

247 2708 357 2761 cemus,

168 2786 200 2843 in
219 2804 279 2861 quc
299 2784 454 2842 consilium
475 2783 556 2841 vitee
574 2782 764 2860 regimenque
783 2782 920 2845 locatum
942 2795 997 2862 est,
1028 2786 1057 2845 95

168 2900 231 2938 esse
250 2879 378 2938 hominis
398 2888 512 2956 partem
533 2881 595 2938 nilo
614 2883 714 2940 minus
734 2903 768 2941 ac
788 2902 900 2944 manus
923 2894 956 2947 et
974 2908 1026 2967 pes

169 2983 259 3054 etque
278 2979 373 3036 oculei
393 2985 493 3054 partes
512 2980 673 3036 animantis
693 2980 786 3037 tetius
806 2985 929 3044 extent.

169 3074 302 3149 quemvis
320 3075 414 3132 multa
433 3074 550 3149 quidem
568 3075 736 3150 sapientum
755 3074 844 3147 turba
859 3081 987 3153 putarit

170 3188 287 3226 sensum
307 3169 400 3226 enimi
418 3176 499 3227 certe
513 3189 574 3227 non
591 3189 655 3228 esse
674 3171 707 3227 in
726 3178 812 3247 perte
830 3172 978 3251 locatum,

170 3283 273 3322 verum
291 3263 427 3322 habitum
443 3264 590 3341 quendem
607 3267 732 3324 vitalem
750 3270 886 3344 corporis
906 3292 982 3346 esse,

170 3364 352 3423 hermeniam
374 3363 446 3422 Grai
469 3382 558 3440 quem
579 3364 692 3440 dicunt,
712 3367 791 3442 quod
809 3367 909 3432 ieciet
930 3392 987 3433 nce
1012 3369 1056 3431 1⁰⁰
