2198 3764
453 213 588 274 LIBER
612 212 642 277 Ι.
960 214 998 277 13

98 362 254 438 omnibus3
272 359 354 423 baud
374 361 468 440 igitur
487 363 648 441 quicquam
667 361 826 440 procedere
845 368 953 442 posset,

98 462 278 541 principium
297 463 438 542 quoniam
458 463 581 521 cedendi
600 462 684 520 nulla
703 462 789 521 daret
808 481 862 520 res

99 565 132 618 at
150 579 231 618 nuno
251 579 305 636 per
323 559 418 617 maria
437 578 472 617 ao
492 565 587 617 terras
607 557 792 635 sublimaque
812 557 887 617 caeli
939 559 998 619 340

97 655 195 715 multa
214 657 309 716 modis
327 657 431 715 multis
451 657 535 715 varia
554 657 670 715 ratione
690 655 803 715 moveri

99 753 246 812 cernimus
265 759 336 812 ante
355 754 464 826 oculos,
485 773 569 831 quae,
590 752 617 812 si
636 771 697 811 non
716 759 795 812 esset
814 752 913 827 inane,

99 869 160 908 non
179 856 242 908 tam
262 850 388 908 sollicito
407 854 493 908 motu
512 849 630 927 privata
649 856 785 908 carerent

100 966 190 1024 quam
208 946 310 1024 genita
329 947 450 1004 omnino
469 946 554 1004 nulla
572 947 687 1007 ratione
707 947 843 1021 fuissent,

100 1043 232 1120 undique
251 1043 389 1102 materies
408 1042 549 1119 qnoniam
569 1044 681 1120 stipata
699 1043 837 1121 quiesset
939 1043 997 1103 345

99 1147 253 1219 praeterea
272 1140 407 1218 quamvis
427 1141 536 1199 solidae
556 1160 603 1199 res
623 1159 685 1200 esse
703 1147 856 1218 putentur,

101 1239 171 1297 hinc
191 1245 292 1297 tamen
311 1257 374 1297 esse
393 1238 464 1297 licet
484 1257 551 1296 raro
570 1257 638 1296 cnm
658 1257 779 1315 corpore
798 1258 907 1299 cernas

99 1336 133 1394 in
152 1335 232 1393 saxis
251 1354 286 1393 ac
305 1333 453 1412 speluncis
472 1341 629 1412 permanat
648 1355 793 1413 aquarum

99 1433 232 1510 liquidus
251 1452 338 1492 umor
356 1439 387 1492 et
406 1434 548 1492 uberibus
566 1433 640 1492 flent
660 1433 760 1492 omnia
779 1434 881 1511 guttis

99 1530 226 1608 dissipat
244 1531 277 1588 in
297 1549 404 1608 corpus
423 1550 486 1589 sese
506 1532 590 1590 cibus
609 1550 697 1590 omne
717 1532 911 1593 animantum.
939 1534 998 1593 350

99 1632 237 1684 crescunt
256 1628 379 1685 arbusta
398 1633 429 1686 et
449 1629 529 1686 fetus
549 1629 583 1687 in
601 1634 735 1706 tempore
754 1629 896 1706 fundunt,

98 1724 180 1802 quod
199 1725 282 1783 cibus
301 1724 334 1782 in
352 1730 433 1784 totas
453 1745 547 1803 usque
566 1727 604 1784 ab
624 1727 774 1785 radicibus
793 1727 862 1787 imis

99 1840 153 1898 per
172 1828 293 1880 truncos
313 1841 347 1879 ac
367 1842 421 1900 per
439 1841 537 1880 ramos
556 1822 736 1881 diffunditur
755 1824 858 1884 omnis.

98 1919 180 1978 inter
199 1927 301 1997 saepta
319 1927 420 1979 meant
439 1940 526 1979 voces
545 1927 577 1980 et
595 1921 696 1979 clausa
715 1922 869 1981 domorum

98 2016 320 2089 transvolitant,
341 2016 469 2093 rigidum
489 2023 645 2094 permanat
664 2017 759 2094 frigus
779 2017 818 2077 ad
837 2038 910 2077 ossa.
938 2020 996 2078 355

99 2114 180 2192 quod
198 2114 259 2172 nisi
277 2113 379 2172 inania
398 2115 468 2187 sint,
489 2135 549 2191 qua
568 2116 683 2192 possint
702 2135 825 2193 corpora
844 2135 977 2194 quaeque

98 2212 246 2272 transiret
264 2211 345 2272 hand
365 2212 427 2270 ulla
446 2213 511 2270 fieri
531 2214 645 2271 ratione
666 2214 790 2276 videres,

98 2310 228 2387 denique
248 2330 302 2369 cur
320 2311 394 2368 alias
413 2310 480 2368 aliis
499 2316 650 2388 praestare
669 2311 805 2371 videmus

98 2408 229 2485 pondere
249 2427 297 2468 res
315 2409 404 2467 rebus
424 2408 487 2466 nilo
506 2408 617 2467 maiore
638 2410 755 2486 figurat

98 2525 170 2564 nam
190 2506 217 2564 si
235 2506 443 2565 tantundemst
461 2507 495 2564 in
514 2505 601 2564 lanae
620 2507 750 2583 glomere
769 2514 916 2585 quantum
938 2509 996 2568 360

99 2602 230 2680 corporis
248 2603 282 2660 in
301 2603 423 2680 plumbo
442 2609 496 2675 est,
517 2603 696 2661 tantundem
716 2605 845 2681 pendere
864 2625 919 2681 par
941 2614 994 2678 est,

99 2702 229 2779 corporis
249 2703 406 2761 officiumst
425 2703 565 2780 quoniam
582 2722 715 2780 premere
733 2704 833 2763 omnia
850 2704 995 2780 deorsum,

99 2807 205 2859 contra
223 2806 324 2860 autem
343 2806 452 2858 natura
471 2804 574 2858 manet
593 2799 657 2858 sine
676 2800 808 2876 pondere
827 2799 934 2861 inanis.

98 2916 169 2974 ergo
188 2896 267 2974 quod
286 2905 456 2974 magnumst
476 2917 568 2974 mque
588 2897 742 2975 leviusque
761 2898 891 2975 videtur,

97 2993 240 3052 nimirum
259 2994 327 3070 plus
347 3013 409 3052 esse
429 2993 487 3052 sibi
506 2994 638 3052 declarat
657 2995 770 3067 inanis;
938 2996 995 3055 ³65

98 3098 132 3149 at
152 3097 256 3149 contra
274 3091 395 3167 gravius
413 3090 482 3169 plus
501 3091 535 3148 in
554 3110 586 3150 se
605 3092 735 3167 corporis
755 3111 818 3151 esse
913 3146 920 3161 ,

98 3187 218 3246 dedicat
237 3193 269 3245 et
287 3188 383 3247 multo
402 3188 489 3246 vacui
508 3188 608 3247 minus
627 3189 710 3247 intus
730 3188 846 3249 habere.

97 3289 146 3343 est
163 3282 258 3361 igitur
276 3283 419 3342 nimirum
438 3284 470 3343 id
490 3284 568 3360 quod
589 3285 705 3344 ratione
725 3285 824 3363 sagaci

97 3380 276 3460 quaerimus,
297 3379 467 3440 admixtum
487 3382 582 3455 rebus,
605 3383 684 3459 quod
704 3382 794 3441 inane
813 3400 961 3441 vocamus
