2198 3764
448 208 580 275 LIBER
602 212 671 276 III.
946 210 1004 276 106

105 357 218 420 decidit
230 356 386 436 abscisum,
401 376 468 421 cum
482 380 566 421 mans
579 368 681 421 tamen
693 365 784 440 atquo
796 359 925 423 hominis
938 364 985 423 vis

104 462 272 521 mobilitate
291 461 364 520 mali
383 480 445 520 non
464 462 532 539 quit
550 461 662 521 sentire
682 460 831 538 dolorem3
945 463 1003 522 646

105 561 138 615 66
155 558 246 616 semel
265 557 299 615 in
317 576 434 635 pugnae
454 557 554 616 studio
572 557 652 635 quod
672 557 774 616 dedita
786 571 876 616 'mens
895 564 950 631 est,

104 673 226 731 corpore
245 653 358 732 reliquo
378 674 509 733 pugnam
529 655 691 732 caedesque
710 657 843 733 petassit,

103 771 160 810 neo
179 758 264 810 tenet
282 753 421 811 amissam
440 753 558 811 laevam
577 771 645 810 cum
665 755 795 830 tegmine
814 773 901 832 saepe

104 848 185 907 inter
204 868 294 926 equos
314 849 453 908 abstraxe
472 856 553 908 rotas
572 848 722 927 falcesque
741 869 870 928 rapaces,
895 923 899 931 .
943 849 1002 909 650

103 964 159 1004 neo
179 946 318 1005 cecidisse
337 947 415 1005 alius
434 946 579 1019 dextram,
601 966 669 1005 cum
688 947 806 1006 scandit
825 953 857 1007 66
876 948 975 1008 instat

104 1042 176 1102 inde
195 1043 272 1101 ulius
292 1049 418 1102 conatur
436 1042 575 1121 adempto
594 1062 714 1120 surgere
734 1064 827 1118 crure,

104 1158 174 1198 cum
192 1139 302 1217 digitos
321 1141 417 1218 agitat
435 1147 558 1218 propter
576 1141 771 1200 moribundus
789 1138 875 1200 humi
893 1161 954 1220 pes.

103 1241 137 1293 66
155 1241 246 1316 caput
265 1236 410 1296 abscisum
430 1237 527 1296 calido
546 1238 726 1314 viventeque
744 1241 852 1296 trunco

104 1333 308 1393 servathumi
327 1321 448 1394 voltum
464 1335 589 1394 vitalem
607 1335 766 1413 oculosque
785 1335 924 1413 patentis,
942 1335 1000 1395 655

104 1430 197 1490 donec
217 1431 357 1509 reliquias
377 1432 488 1491 animai
499 1432 638 1492 reddidit
657 1450 767 1494 omnes.

103 1528 179 1606 quin
198 1530 288 1589 etiam
308 1530 366 1589 tibi
385 1531 412 1590 si
431 1531 535 1608 lingua
553 1530 702 1604 vibrante,
722 1530 852 1590 minanti

103 1628 250 1705 serpentis
270 1627 365 1687 cauda
384 1642 401 1688 e
420 1647 541 1706 procero
560 1646 689 1706 corporo,
711 1635 872 1707 utrumque

91 1722 145 1782 ¹sit
163 1724 284 1782 libitum
303 1724 336 1783 in
355 1726 466 1784 multas
485 1726 581 1802 partis
600 1725 744 1785 discidere
763 1726 853 1801 ferro,

102 1822 204 1881 omnia
222 1822 283 1881 iam
302 1840 415 1882 sorsum
437 1842 539 1884 cernes
558 1825 660 1884 ancisa
678 1825 791 1884 recenti
939 1826 998 1886 660

102 1920 224 1979 volnere
243 1921 352 1979 tortari
371 1926 403 1979 et
421 1925 533 1980 terram
553 1941 746 2000 conspargere
764 1922 844 1996 tabo,

102 2017 198 2095 ipsam
217 2034 307 2095 seque
325 2023 407 2077 retro
425 2025 539 2097 partem
560 2026 661 2098 petere
680 2039 731 2079 ore
750 2021 887 2099 priorem,

101 2114 232 2173 volneris
252 2115 369 2173 ardenti
374 2121 425 2197 ‚ut
443 2135 544 2175 morsu
563 2118 759 2195 premat,icta
778 2096 916 2211 dolosani.

101 2211 240 2270 omnibus
259 2230 323 2271 esse
341 2211 436 2288 igitur
450 2217 535 2272 totas
555 2214 685 2273 dicamus
704 2213 738 2272 in
757 2214 818 2274 illis
901 2252 905 2259 ·

100 2310 257 2388 particulis
277 2311 410 2370 animast
435 2316 469 2370 at
489 2331 523 2370 aa
542 2312 658 2372 ratione
677 2320 818 2392 sequetur
938 2313 996 2374 665
1033 2344 1035 2355 ¹

100 2426 192 2466 unam
205 2407 387 2466 animantem
407 2408 521 2467 animas
540 2408 679 2468 habuisse
697 2411 731 2469 in
743 2430 864 2488 corpore
877 2412 994 2474 multas

100 2523 172 2583 ergo
190 2505 316 2565 divisast
333 2524 370 2564 ea
390 2525 466 2584 quae
485 2506 547 2566 mic
566 2526 628 2566 una
646 2507 736 2567 simul
755 2526 823 2568 cum

100 2622 223 2681 corpore
232 2622 242 2678 ;
268 2590 449 2682 quapropter
466 2603 592 2662 mortale
610 2610 771 2682 utrumque
790 2603 995 2682 putandumst,

99 2698 134 2756 in
153 2699 264 2758 multas
283 2701 421 2778 quoniam
442 2699 537 2778 partis
556 2699 715 2759 disciditur
733 2719 834 2779 aeque.

134 2916 203 3001 (xx)
233 2919 275 2996 If
281 2918 436 2994 immeriti,
452 2918 518 2998 why
531 2920 568 2981 do
582 2917 647 2998 tbcy
659 2928 710 2980 not
722 2921 875 2982 revocarier
888 2920 962 2982 idcir

399 3016 518 3094 scrmar
530 3016 664 3078 6666661666
674 3021 689 3078 i

138 3132 299 3222 Praeterea
318 3163 345 3222 si
364 3162 541 3224 immortalis
559 3170 671 3224 natura
689 3162 801 3224 animai
935 3165 994 3227 670

97 3266 215 3318 constat
234 3265 266 3320 et
285 3261 318 3319 in
338 3279 444 3339 corpus
463 3263 652 3321 noscentibus
672 3262 851 3337 insinuatur,

96 3377 152 3416 cur
171 3377 263 3444 super
279 3365 447 3426 anteactam
467 3365 595 3419 aetatem
611 3361 784 3447 meminisse
804 3359 962 3439 nequimus
979 3408 981 3413 .
