2198 3764
456 192 590 259 LIBER
616 198 683 260 HI.
980 196 1029 259 :95

131 346 221 404 obvia
241 345 396 421 sentimus,
417 347 537 424 quando
558 348 722 406 obretimur
743 353 858 422 euntes,

130 463 187 503 nec
206 464 313 522 supera
332 452 424 522 caput
442 447 574 504 eiusdem
594 448 733 506 cecidisse
753 447 863 513 vietam
970 447 1028 504 385

130 547 245 602 vestem
264 563 320 602 nec
340 544 456 621 plumas
476 545 577 602 avium
597 564 767 622 papposque
787 544 916 603 volantis

130 640 184 716 qui
203 640 297 698 nimia
316 641 439 699 levitate
460 642 572 700 cadunt
592 643 765 719 plerumque
785 641 940 718 gravatim,

130 754 186 793 nec
207 737 339 814 repentis
362 738 440 796 itum
462 738 718 814 cuiusviscumque
740 738 902 797 animantis

130 834 276 893 sentimus
299 855 354 894 nec
375 836 462 913 priva
485 836 594 914 pedum
616 837 742 913 vestigia
765 856 908 914 quaeque,

130 953 252 1011 corpore
273 954 348 1011 quae
367 935 401 993 in
419 940 522 1004 nostro
540 935 648 994 culices
661 941 692 994 et
705 942 804 994 cetera
817 939 940 1012 ponunt.
971 933 1029 992 390

129 1044 226 1107 usque
245 1030 319 1090 adeo
338 1032 420 1109 prius
440 1032 539 1090 estin
557 1033 643 1091 nobis
663 1033 759 1090 multa
778 1032 915 1091 ciendum
1010 1028 1013 1035 ’

80 1152 117 1191 ass
131 1129 245 1188 semina
264 1131 435 1208 corporibus
455 1132 565 1189 nostris
585 1132 715 1189 inmixta
734 1151 787 1209 per
806 1138 898 1204 artus,

80 1251 117 1292 392
130 1245 220 1303 quam
241 1226 404 1303 primordia
423 1228 587 1286 sentiscant
607 1247 749 1286 concussa
769 1228 880 1286 animai

129 1328 163 1380 ct
180 1341 270 1399 quam
291 1324 325 1382 in
348 1324 395 1382 his
419 1325 588 1384 intervallis
611 1324 776 1384 tuditantia
796 1325 910 1403 possint

129 1438 302 1478 concursare
323 1421 401 1479 coire
421 1427 454 1480 et
473 1421 632 1501 dissultare
652 1421 789 1481 vicissim.
970 1420 1028 1479 395

224 1560 317 1619 cited
328 1560 355 1620 is
367 1581 446 1620 onore
459 1562 621 1638 important
634 1571 662 1621 to
676 1562 728 1638 lq'sa
741 1563 813 1621 thoe
826 1561 853 1620 is
865 1561 937 1625 scot.
998 1644 1001 1649 .

169 1679 211 1738 Et
231 1682 324 1758 magis
346 1687 393 1740 est
415 1682 532 1740 animus
555 1683 630 1741 vitei
653 1683 782 1742 claustra
804 1702 940 1741 coercens

128 1784 161 1836 et
184 1778 386 1844 dominantior
406 1781 445 1838 ad
467 1781 560 1839 vitam
584 1801 673 1859 quam
690 1783 737 1840 vis
758 1782 877 1840 animai.

127 1895 199 1934 nam
218 1877 282 1935 sine
299 1884 399 1935 mente
417 1877 576 1956 animoque
593 1878 699 1955 nequit
716 1878 845 1936 residere
862 1883 1015 1954 perettus

127 1974 271 2051 temporis
292 1974 431 2051 exiguam
449 1981 564 2051 partem
587 1994 657 2051 pars
678 1973 740 2033 ulle
761 1974 880 2045 animai,

127 2069 181 2128 sed
198 2089 295 2128 comes
312 2071 481 2149 insequitur
496 2072 584 2130 facile
603 2079 634 2130 et
653 2071 781 2131 discedit
795 2072 829 2131 in
849 2083 936 2130 auras
970 2073 1028 2131 400

127 2174 161 2226 ct
177 2167 289 2244 gelidos
305 2174 390 2227 artus
406 2169 439 2227 in
455 2169 510 2227 leti
526 2169 636 2247 frigore
655 2169 773 2247 linquit.

127 2271 161 2322 at
181 2271 284 2324 manet
302 2265 336 2324 in
355 2266 421 2325 vite
441 2268 490 2325 cui
511 2287 595 2326 mens
615 2267 789 2344 animusque
808 2254 971 2324 remansit(

128 2361 265 2438 quamvis
285 2368 332 2420 est
351 2362 462 2421 circum
484 2364 576 2422 caesis
596 2363 674 2422 lacer
693 2364 824 2442 undique
844 2363 985 2422 membris

127 2464 262 2531 truncus,
284 2458 424 2537 adempta
443 2460 544 2518 anima
563 2461 675 2519 circum
695 2461 895 2538 membrisque
914 2465 1028 2518 remota

125 2554 208 2612 vivit
227 2560 259 2613 et
279 2555 425 2614 aetherias
446 2557 547 2615 vitalis
567 2557 691 2635 suscipit
711 2576 805 2616 auras.
968 2555 1027 2613 405

126 2651 155 2708 si
174 2670 235 2710 non
255 2653 440 2729 omnimodis,
463 2660 496 2713 at
516 2664 623 2732 magna
643 2662 728 2732 parte
748 2654 860 2712 animai
920 2660 923 2665 ’
945 2713 948 2720 ,

125 2750 272 2828 privatus,
294 2757 394 2809 tamen
414 2752 447 2809 in
468 2753 532 2811 vito
552 2760 710 2812 cunctetur
730 2760 761 2813 et
780 2753 900 2828 haeret3

125 2853 170 2919 ut,
192 2847 323 2907 lacerato
343 2850 428 2908 oculo
448 2850 559 2910 circum
580 2852 606 2910 si
626 2852 739 2931 pupula
759 2853 870 2910 mansit

124 2944 292 3020 incolumis,
315 2952 379 3006 stat
398 2949 542 3008 cernundi
562 2951 666 3009 vivata
684 2956 824 3028 potestas,

125 3038 287 3099 dummodo
307 3062 346 3100 ne
365 3049 463 3101 totum
485 3064 655 3123 corrumpas
675 3045 797 3104 luminis
817 3045 919 3104 orbem
968 3045 1027 3104 410

124 3142 159 3195 et
178 3138 289 3197 circum
311 3141 415 3200 caedas
434 3143 529 3201 aciem
548 3143 699 3221 solamque
719 3143 869 3220 relinquas
878 3163 888 3218 ;

125 3232 158 3291 id
178 3254 296 3312 quoque
316 3238 395 3296 enim
416 3239 480 3299 sine
499 3241 630 3318 pernicie
649 3261 710 3299 non
730 3241 783 3299 fiet
802 3260 912 3302 eornm.

124 3337 159 3390 at
179 3331 206 3389 si
226 3333 346 3392 tantulo
365 3353 434 3412 pars
454 3337 533 3394 oculi
552 3338 649 3396 modia
668 3337 721 3396 illa
741 3357 844 3415 peresa
864 3344 919 3408 est,
1005 3322 1007 3327 ¹

124 3425 235 3485 occidit
254 3429 406 3506 extemplo
426 3430 529 3489 lumen
549 3433 747 3510 tenebraeque
768 3436 919 3502 secuntur,
993 3420 1007 3465 f
