2198 3764
139 217 176 282 78
491 216 680 281 wem!

137 375 200 428 tam
220 373 322 427 manet
341 366 413 426 haee
431 370 465 425 et
484 371 546 423 tam
566 366 670 423 nativo
690 381 812 440 corpore
832 357 988 438 constant,

137 485 226 544 quam
236 484 329 543 genus
338 483 424 523 omne
432 462 511 540 quod
521 461 570 521 hie
578 460 768 539 generatimst
776 460 866 520 rebus
874 461 1042 522 abundans

138 613 234 690 Grasp
252 613 309 672 rtis
326 613 391 672 and
405 632 465 689 you
477 632 528 670 ere
534 610 603 687 free
620 609 715 686 ostie
732 611 811 687 pods.
856 611 939 672 How
958 611 1045 672 could

178 711 318 789 tteyralc
335 731 367 770 so
382 731 474 787 many
486 709 593 770 wesdis
607 717 640 768 st
652 710 746 768 oser
788 707 879 768 rtet
896 709 1043 784 boltsfsll

176 829 268 869 erum
280 829 348 868 cren
360 826 435 867 new.

171 937 261 1009 0οω
273 938 349 997 bene
362 936 481 1014 cognita
493 937 520 995 si
532 942 643 1011 teneas,
658 942 768 996 natura
779 936 905 996 videtur
964 936 1041 998 1000

137 1034 232 1094 libera
252 1037 394 1093 continuo
413 1033 542 1093 dominis
560 1033 680 1112 privata
698 1033 833 1111 superbis

137 1134 202 1213 ipsa
221 1153 276 1193 sua
295 1153 348 1212 per
367 1152 399 1197 sc
419 1139 524 1210 sponte
544 1134 644 1191 omnia
663 1132 709 1191 dis
728 1151 815 1210 agere
834 1151 954 1210 expers.

137 1249 209 1290 nam
227 1250 281 1309 pro
301 1237 404 1289 sancta
423 1231 512 1290 deum
533 1229 696 1307 tranquilla
714 1235 836 1307 pectora
854 1249 929 1306 paee

138 1347 214 1405 quae
233 1327 382 1406 placidum
401 1326 515 1405 degrmt
534 1345 638 1385 aevom
657 1325 811 1404 vitamque
830 1345 981 1401 serenam,

137 1424 206 1503 quis
224 1444 325 1502 regere
343 1424 481 1484 immensi
501 1443 657 1498 summam,
678 1423 746 1502 quis
766 1425 877 1484 habere
898 1425 1038 1504 profundi

138 1523 213 1583 indu
227 1542 317 1582 manu
329 1523 442 1581 validas
455 1522 534 1600 potis
547 1507 593 1582 est
605 1523 792 1581 moderanter
804 1522 947 1598 habenas,
966 1523 1036 1584 1096

137 1618 206 1697 quis
224 1619 336 1696 pariter
356 1619 450 1677 caelos
470 1618 566 1678 omnis
586 1623 758 1678 convertere
777 1623 810 1680 et
828 1621 928 1680 omnis

137 1715 258 1793 ignibus
278 1715 417 1775 aetheriis
436 1722 532 1777 terras
551 1718 651 1777 suffire
670 1717 784 1791 feracis,

138 1813 275 1872 omnibus
294 1813 365 1874 inve
384 1815 456 1873 locis
476 1834 538 1874 esse
558 1816 640 1874 omni
659 1821 792 1893 tempore
811 1819 943 1893 praesto,

138 1910 269 1969 nubibus
288 1918 325 1970 ut
343 1913 482 1971 tenebras
502 1911 595 1972 faeiat
614 1913 746 1991 caelique
766 1931 871 1971 serena
965 1912 1037 1972 1100

138 2010 290 2069 concutiat
308 2009 417 2082 sonitu,
438 2015 506 2069 tum
525 2009 654 2069 fulmina
672 2011 776 2069 mittat
793 2016 827 2069 et
845 2008 932 2069 aedis

139 2127 226 2185 saepe
245 2126 315 2166 suas
334 2106 483 2166 disturbet
503 2112 535 2167 et
553 2108 589 2166 irs
608 2108 726 2168 deserta
744 2106 885 2167 recedens

138 2206 253 2266 saeviat
271 2224 412 2264 exercens
431 2205 526 2264 telum
546 2205 625 2283 quod
645 2225 732 2284 saepe
751 2209 893 2265 nocentes

137 2302 283 2381 praeterit
301 2301 509 2379 exanimatque
529 2302 666 2380 indignos
685 2302 776 2380 inque
795 2304 967 2364 merentes!

140 2439 205 2500 Ocr
226 2437 320 2498 world
341 2458 419 2515 qrcw
443 2438 603 2515 qradmuy
630 2438 694 2497 aad
717 2436 782 2498 will
806 2438 897 2516 decay
917 2440 959 2501 irs
984 2441 1037 2501 like

522 2556 654 2599 malumst

178 2657 335 2737 Multaque
345 2664 414 2737 post
426 2657 532 2717 mundi
541 2665 658 2736 tempus
667 2658 796 2735 genitale
807 2658 949 2738 diemque
965 2662 1038 2723 1105

137 2755 336 2833 primigenum
355 2755 445 2814 maris
465 2761 498 2814 et
515 2761 613 2814 terrae
633 2756 761 2834 solisque
781 2748 918 2816 coortum

138 2850 241 2909 addita
260 2871 382 2929 corpora
401 2857 473 2910 sunt
491 2852 685 2926 extrinsecus,
707 2851 809 2910 addite
829 2853 946 2914 circum

138 2947 252 3005 semina
270 2966 347 3024 quae
366 2967 507 3025 magnum
525 2948 683 3007 iaculando
702 2948 832 3007 contulit
851 2969 959 3028 omne;

139 3042 218 3101 unde
237 3061 318 3101 mare
338 3047 370 3102 et
388 3049 487 3104 terrae
505 3050 627 3122 possent
646 3064 801 3123 augescere
820 3052 854 3104 et
872 3048 957 3108 unde

138 3147 296 3217 appareret
313 3141 444 3218 spatium
464 3142 538 3202 caeli
557 3143 662 3202 domus
681 3144 803 3222 alteque
822 3149 903 3204 tecta
963 3147 998 3207 11
1020 3148 1039 3209 0

138 3238 259 3298 tolleret
277 3257 297 3296 a
315 3240 403 3298 terris
422 3241 525 3317 procul
545 3246 578 3301 et
598 3249 786 3320 consurgeret
804 3261 863 3302 aer.

137 3354 208 3395 narn
227 3353 283 3394 sua
302 3334 409 3412 cuique
428 3336 500 3394 locis
520 3356 558 3396 ex
577 3339 715 3398 omnibus
735 3339 834 3397 omnia
854 3338 954 3418 plagis
