2198 3764
339 278 340 282 ,
395 220 526 281 LIBER
548 220 616 283 ΙΙΙ.
901 224 958 288 119,

60 373 94 426 et
112 365 240 444 vigilans
261 367 362 426 stertis
381 387 436 426 neo
456 369 571 427 somnia
591 388 710 429 cernere
730 387 825 429 cesses

61 465 275 541 sollicitamque
294 465 372 541 geris
392 485 473 525 cesse
492 465 651 527 formidine
671 473 801 525 mentem

60 582 116 622 nee
129 563 258 640 reperire
270 569 355 640 potes
368 563 425 622 tibi
439 564 511 641 quid
525 565 565 622 sit
579 584 665 642 seepe
679 565 759 638 meli,
774 583 842 624 cum
883 564 960 625 1050
1026 597 1032 612 =

60 661 161 720 ebrius
181 662 295 736 urgeris
314 660 417 721 multis
437 662 527 720 miser
546 662 678 740 undique
698 663 777 722 curis

60 767 151 838 etque
172 760 266 819 animi
285 760 401 818 incerto
420 759 543 819 fluitans
563 780 663 820 errore
681 761 816 838 vageris'

61 987 177 1049 Ewece'.
217 987 481 1065 Moericumque
497 1010 539 1066 rep
557 991 627 1050 vein
641 991 776 1068 perscire
794 991 858 1052 ond
873 993 961 1070 etudy

380 1096 444 1147 true
458 1088 640 1165 philosophy.

102 1233 136 1294 si
154 1241 277 1312 possent
296 1235 439 1310 homines,
460 1236 584 1312 proinde
604 1256 638 1295 ec
658 1235 769 1296 sentire
788 1237 930 1296 videntur

60 1332 177 1409 pondus
199 1333 295 1390 inesse
318 1333 418 1391 enimc
441 1333 521 1410 quod
543 1351 574 1391 se
595 1335 744 1410 gravitate
764 1334 880 1411 fatiget,

60 1447 79 1486 e
96 1428 204 1506 quibus
220 1428 252 1486 id
269 1429 324 1487 fiet
345 1429 442 1487 censis
460 1449 577 1507 quoque
594 1449 715 1489 noscere
731 1437 762 1489 et
780 1428 859 1490 unde
883 1432 959 1490 1055

60 1532 147 1584 tenta
167 1526 240 1585 meli
262 1532 415 1604 tamquam
438 1527 529 1586 moles
552 1528 585 1585 in
605 1533 725 1604 pectore
747 1533 871 1601 constet,

60 1622 138 1680 heut
149 1622 193 1681 ita
206 1623 300 1681 vitum
315 1631 445 1701 agerent,
460 1631 496 1682 ut
508 1645 589 1683 nunc
602 1627 775 1703 plerumque
788 1625 924 1685 videmus

61 1720 134 1797 quid
156 1720 213 1778 sibi
235 1721 360 1798 quisque
381 1721 457 1779 velit
478 1722 591 1780 nescire
614 1728 646 1779 et
668 1741 809 1799 quaerere
832 1741 947 1799 semper

60 1823 241 1874 commutare
263 1817 361 1875 locum
383 1817 469 1894 quasi
490 1837 564 1876 onus
586 1818 731 1894 deponere
754 1818 856 1896 pessit.

60 1913 126 1973 exit
147 1932 234 1991 saepe
254 1914 333 1973 foras
357 1914 472 1990 magnis
495 1934 532 1972 ex
554 1914 677 1973 aedibus
698 1914 757 1988 ille,
882 1914 959 1974 1060

59 2030 123 2070 esse
146 2011 228 2070 domi
248 2030 336 2089 quem
360 2017 563 2089 pertaesumst,
587 2013 744 2089 subitoque
763 2012 889 2082 revertit,

60 2107 171 2185 quippe
194 2108 268 2167 foris
291 2109 354 2167 nilo
378 2109 484 2168 melius
506 2110 558 2186 qui
582 2110 692 2168 sentiet
713 2130 783 2170 esse.

60 2204 155 2263 currit
175 2224 265 2282 egens
288 2224 412 2263 mannos
436 2205 475 2263 ed
496 2206 598 2265 villam
620 2209 858 2285 praecipitanter,

60 2301 208 2359 auxilium
228 2302 316 2361 tectis
338 2301 424 2380 quasi
442 2302 520 2361 ferre
543 2303 716 2363 ardentibus
737 2305 871 2379 instens3

60 2397 168 2456 oscitet
190 2400 350 2476 extemplo,
374 2400 476 2476 tetigit
498 2420 565 2458 cum
586 2401 690 2459 limine
711 2401 808 2473 villae,
882 2402 957 2460 1065

59 2502 123 2568 eut,
148 2495 212 2553 abit
233 2496 267 2554 in
288 2515 423 2555 somnum
445 2497 545 2572 gravis
568 2504 657 2574 etque
679 2498 790 2556 oblivia
812 2499 938 2575 quaerit,

60 2591 229 2649 autetiam
253 2611 414 2669 properans
434 2592 538 2650 urbem
561 2592 639 2669 petit
662 2598 751 2669 etque
775 2592 886 2651 revisit

59 2688 116 2746 hoc
134 2706 166 2746 se
186 2688 309 2767 quisque
331 2689 417 2747 modo
438 2689 527 2766 fugit,
549 2694 581 2745 st
602 2708 691 2766 quom
713 2688 833 2760 scilicet,
852 2695 887 2746 ut
908 2688 950 2760 fit,

59 2785 189 2861 effugere
211 2786 286 2844 haut
309 2786 387 2863 potis
408 2794 462 2856 est,
485 2786 610 2863 ingratis
632 2786 736 2844 haeret
757 2791 788 2843 et
811 2784 876 2843 odit

58 2887 224 2958 propterea,
244 2883 340 2941 morbi
357 2883 428 2960 quie
444 2902 563 2941 censam
578 2902 640 2941 non
659 2889 743 2941 tenet
759 2901 857 2959 aeger3
881 2882 958 2941 1070

59 2998 151 3055 qnam
172 2980 247 3038 bene
268 2980 295 3038 si
318 2980 427 3052 videat,
452 2980 511 3038 iem
535 2981 623 3038 rebus
641 2978 765 3057 quisque
786 2977 898 3037 relictis

58 3080 200 3132 naturam
221 3075 350 3151 primum
372 3075 493 3133 studeat
516 3094 688 3152 cognoscere
706 3093 813 3146 rerum,

58 3169 202 3246 temporis
223 3171 338 3228 oeterni
358 3171 507 3248 quoniam,
530 3191 592 3230 non
612 3171 702 3229 unius
723 3171 822 3244 horse,

57 3270 222 3346 ambigitur
245 3276 350 3342 status,
374 3271 408 3328 in
431 3289 490 3347 quo
511 3270 552 3329 sit
572 3269 746 3328 mortalibus
769 3267 865 3327 omnis

57 3372 150 3441 oens,
161 3372 229 3445 post
239 3373 364 3428 mortem
375 3387 450 3449 ques
460 3373 554 3426 restet
564 3385 688 3444 cumque
701 3363 854 3423 menende.
880 3362 956 3421 1075
