2198 3764
395 213 528 274 LIBER
553 212 620 276 III.
916 211 956 273 85

59 361 163 420 vivere
181 381 249 420 cum
267 381 364 434 sensu,
384 361 469 420 nulla
487 381 555 422 eum
570 361 603 419 in
620 366 706 439 perte
726 360 785 420 siet
803 381 906 434 mens3

58 464 97 517 ut
113 459 193 525 bona
208 478 295 536 saepe
311 459 451 517 valetudo
470 479 537 518 eum
558 458 670 517 dieitur
688 478 752 517 esse

60 555 200 632 eorporis,
222 560 254 613 et
275 574 336 613 non
359 561 524 614 esttamen
545 554 618 614 haee
640 575 710 633 pere
732 554 797 613 ulle.
818 554 952 612 valentis,

60 653 103 710 sie
121 651 214 710 animi
234 671 353 710 sensum
370 672 431 711 non
450 659 532 711 certa
551 660 636 730 parte
656 657 822 730 reponunt3

60 768 168 826 magno
184 768 271 826 opere
289 750 322 807 in
338 768 397 826 quo
416 750 587 809 midiverri
606 771 703 809 errare
724 750 873 808 videntur.
898 747 955 806 105

61 863 147 922 saepe
160 845 271 922 itaque,
284 845 469 922 inpromptu
483 866 589 924 corpus
603 847 682 925 quod
695 847 836 919 cernitur,
846 850 954 924 eegret,

61 961 130 1000 eum
145 947 248 1001 tamen
263 962 302 1002 ex
318 944 378 1001 elie
392 944 539 1002 laetemur
555 951 640 1021 parte
660 943 789 1020 latenti3

62 1047 94 1099 et
110 1046 191 1100 retro
210 1029 307 1099 fit'uti
326 1047 432 1100 eontra
450 1043 491 1100 sit
508 1061 595 1120 saepe
611 1043 751 1114 vicissim,

62 1158 130 1197 cum
145 1139 236 1198 miser
252 1158 292 1197 ex
306 1140 407 1198 animo
427 1140 558 1198 laetatur
574 1159 695 1218 corpore
718 1146 803 1213 t0t03

62 1254 123 1293 non
140 1235 201 1294 alio
218 1245 305 1313 pecto
323 1256 412 1315 quam
431 1238 466 1310 si,
483 1257 536 1314 pes
552 1257 619 1296 eum
639 1237 722 1296 dolet
737 1237 828 1313 aegri,
899 1234 956 1293 110

62 1331 95 1389 in
115 1332 199 1390 nullo
219 1339 309 1409 eaput
324 1332 440 1391 interea
459 1334 500 1392 sit
521 1334 599 1392 forte
618 1333 727 1392 dolore.

61 1435 216 1507 praeterea
235 1431 319 1490 molli
339 1451 406 1490 cum
428 1451 531 1490 somno
546 1431 648 1490 dedita
663 1431 795 1489 membra

62 1526 246 1603 effusumque
265 1525 343 1584 iacet
362 1526 427 1585 sine
443 1547 531 1585 sensu
546 1546 652 1605 eorpus
669 1526 840 1597 honustum,

62 1631 108 1682 est
127 1622 328 1681 aliudtemen
345 1622 379 1682 in
393 1625 480 1682 nobis
500 1624 579 1702 quod
597 1632 729 1702 tempore
745 1625 778 1682 in
795 1624 848 1682 illo

62 1720 248 1799 multimodi}
267 1721 400 1798 agitatur
416 1729 448 1780 et
465 1724 561 1780 omnir
580 1723 689 1800 accipit
703 1722 737 1780 in
757 1741 790 1780 se
898 1719 955 1778 115

62 1820 196 1879 laetitiae
214 1826 312 1878 motus
328 1826 360 1878 et
375 1840 461 1878 eures
481 1821 578 1879 cordis
597 1821 703 1880 inanit

62 1938 144 1977 nune
157 1918 288 1976 animem
300 1938 418 1996 quoque
430 1924 467 1977 ut
479 1921 512 1977 in
524 1921 666 1978 membris
679 1937 852 1996 cognoscere
864 1918 958 1995 possis

61 2033 127 2073 esse
140 2032 238 2091 neque
257 2013 413 2072 hermenia
431 2033 537 2091 eorpus
553 2015 665 2074 sentire
682 2015 784 2089 solere,

61 2110 210 2189 principio
228 2113 263 2169 fit
278 2111 326 2170 uti
345 2110 478 2170 detracto
494 2131 616 2189 corpore
632 2112 729 2172 multo

62 2225 151 2283 saepe
172 2212 274 2265 tamen
297 2207 383 2266 nobis
403 2207 437 2265 in
459 2208 599 2266 membris
620 2209 685 2266 vite
708 2211 858 2281 moretur;
901 2207 958 2265 120

62 2311 155 2380 etque
171 2304 272 2362 eedem
295 2323 423 2377 rursum,
444 2324 511 2363 cum
533 2324 655 2382 terpora
672 2325 768 2383 pauet.
791 2304 896 2364 caloris
1007 2314 1010 2319 '

62 2401 207 2476 diffugere
227 2399 367 2478 forasque
384 2421 438 2477 per
459 2408 556 2460 esest
577 2401 676 2461 editus
697 2422 755 2475 aer,
806 2401 809 2410 '

62 2499 175 2557 deserit
192 2498 341 2574 extemplo
364 2518 454 2556 venes
478 2505 568 2576 atque
592 2519 658 2558 ossa
676 2500 820 2579 relinquit
830 2518 840 2574 ς

61 2614 185 2654 noscere
207 2601 243 2654 ut
262 2594 333 2653 hine
354 2597 449 2673 possis
470 2615 531 2654 non
548 2615 658 2674 aequas
678 2598 777 2654 omnia
793 2597 888 2675 partis

62 2712 188 2770 eorpora
204 2692 312 2751 habere
333 2713 429 2770 neque
447 2714 484 2752 ex
502 2713 597 2771 aequo
615 2693 720 2752 fulcire
738 2695 871 2767 salutem,
902 2697 958 2755 125

61 2791 117 2849 sed
135 2790 228 2868 magis
246 2789 327 2864 haee,
345 2790 429 2849 venti
451 2810 527 2869 quae
544 2798 616 2851 sunt
634 2792 781 2871 calidique
797 2795 914 2872 vaporis

61 2889 186 2960 semine,
208 2908 311 2947 curare
330 2889 364 2948 in
381 2891 522 2948 membris
539 2896 576 2948 ut
594 2891 657 2949 vite
675 2897 814 2952 moretur.

61 2992 112 3045 eet
128 2985 222 3063 igitur
243 2986 322 3045 calor
342 3005 377 3045 ee
396 2994 505 3045 ventus
524 2987 624 3045 vitalis
642 2987 676 3046 in
695 2988 760 3064 ipso

61 3100 187 3160 corpore
206 3082 259 3160 qui
280 3083 367 3142 nobis
384 3083 577 3142 moribundos
596 3083 706 3143 deserit
724 3091 816 3145 artus.

63 3184 248 3256 quapropter
269 3178 408 3254 quoniam
428 3183 475 3236 eet
491 3178 585 3236 animi
606 3185 716 3238 natura
732 3185 850 3258 reperte
902 3181 960 3238 130

62 3282 157 3350 atque
173 3273 289 3331 animae
306 3275 391 3349 quasi
408 3293 478 3352 pem
495 3274 632 3349 hominis,
651 3277 740 3335 redde
755 3276 920 3335 harmoniai

61 3387 189 3441 nomen,
201 3368 238 3427 ed
257 3368 408 3446 organicos
423 3369 485 3438 alte
501 3369 633 3437 delatum
650 3371 790 3432 Heliconi
798 3390 809 3448 5
