2198 3764
418 204 552 266 LIBER
577 205 606 267 I.
921 207 960 266 33

63 372 132 412 oum
150 351 221 411 dare
242 358 396 425 conantur,
417 353 501 430 prius
523 372 590 413 oras
612 351 719 430 poeula
741 352 852 412 circum

64 448 242 526 eontingunt
260 451 358 510 meliis
378 452 459 510 dulei
477 452 612 528 flavoque
635 452 758 530 liquore,

63 552 100 604 ut
119 565 279 624 puerorum
299 556 381 609 aetas
399 549 558 628 inprovida
579 550 749 609 ludificetur

64 642 214 703 labrorum
234 652 331 717 tenus,
354 646 469 705 interea
486 652 622 724 perpotet
642 665 776 704 amarum
901 644 960 703 940

64 739 198 798 absinthi
219 740 338 800 laticem
361 742 544 821 deceptaque
563 763 625 802 non
646 743 789 820 capiatur,

64 836 117 895 sed
134 838 234 914 potius
255 838 311 897 tali
330 845 417 917 poeto
438 845 570 897 recreata
590 838 729 913 valescat,

63 932 107 992 sio
128 954 182 1011 ego
202 955 290 1009 nune,
307 937 447 1013 quoniam
466 937 539 994 haee
557 935 634 994 ratio
650 935 824 1013 plerumque
841 933 961 992 videtur

64 1032 181 1090 tristior
200 1052 263 1092 esse
283 1035 391 1111 quibus
411 1054 472 1092 non
495 1038 543 1093 est
562 1038 700 1102 tractata,
722 1039 860 1109 retroque

63 1128 169 1206 volgus
188 1129 328 1202 abhorret
343 1131 381 1189 ab
401 1131 465 1204 hee,
485 1129 567 1189 volui
587 1130 645 1188 tibi
662 1128 881 1205 suaviloquenti
901 1129 959 1188 945

64 1227 194 1286 carmine
214 1226 314 1286 Pierio
334 1228 480 1290 rationem
501 1246 647 1304 exponere
669 1232 803 1284 nostram

63 1330 96 1382 et
114 1323 200 1401 quasi
220 1344 339 1384 musaeo
357 1325 438 1384 dulei
456 1327 626 1403 contingere
642 1325 739 1398 mello,

63 1421 90 1479 si
110 1422 169 1479 tibi
188 1423 265 1481 forte
285 1423 418 1482 animum
441 1424 497 1482 tali
514 1425 629 1482 ratione
649 1430 752 1482 tenere

63 1519 200 1578 versibus
220 1519 254 1578 in
274 1521 385 1580 nostris
405 1540 529 1598 possem,
552 1521 623 1579 dum
647 1519 788 1599 perspicis
809 1538 927 1578 omnem

63 1627 203 1678 naturam
223 1639 324 1678 rerum
344 1640 404 1698 qua
424 1627 539 1679 constet
560 1627 678 1698 compta
700 1620 804 1698 figura.
900 1620 959 1678 950

233 1778 355 1842 'Matar
375 1784 439 1844 aad
460 1805 542 1861 space
565 1804 616 1843 ore
638 1783 762 1860 infinite.

105 1901 163 1962 Sed
181 1904 320 1981 quoniam
341 1906 428 1964 dooui
447 1906 624 1966 solidissima
643 1906 779 1964 materiei

60 2020 185 2077 corpora
205 2009 348 2079 perpetuo
369 2004 494 2062 volitare
516 2003 631 2062 invicta
649 2022 703 2079 per
717 2021 829 2075 aevom,

61 2117 144 2157 nuno
163 2117 226 2176 age,
248 2100 375 2159 summai
396 2101 538 2178 quaedam
557 2101 598 2159 sit
621 2100 690 2158 finis
710 2118 812 2158 eorum

61 2216 155 2255 neone
175 2197 225 2271 sit,
245 2200 433 2273 evolvamus3
452 2200 527 2258 item
545 2199 626 2277 quod
646 2200 735 2258 inane
756 2203 935 2274 repertumst

61 2313 116 2352 seu
128 2296 210 2353 loeus
223 2314 257 2354 ae
271 2297 410 2374 spatium,
424 2315 471 2355 res
482 2296 584 2374 inquo
592 2315 724 2374 quaeque
733 2301 883 2372 gerantur,
900 2294 957 2353 955

60 2391 268 2469 pervideamus
286 2400 388 2453 utrum
408 2395 529 2453 finitum
545 2394 682 2453 funditus
701 2413 789 2453 omne

60 2496 178 2549 constet
200 2511 240 2550 an
260 2491 438 2551 immensum
459 2498 560 2570 pateat
576 2498 716 2569 vastoque
733 2490 923 2569 profundum.

103 2585 200 2645 Omne
222 2589 300 2664 quod
324 2594 370 2648 est
392 2588 486 2665 igitur
505 2589 589 2647 nulla
606 2588 727 2664 regione
748 2587 865 2646 viarum

59 2681 229 2757 finitumst5
248 2703 376 2762 namque
394 2692 560 2743 extremum
582 2684 708 2743 debebat
728 2683 844 2742 habere.

59 2785 229 2837 extremum
249 2800 338 2858 porro
360 2781 473 2840 nullius
495 2801 579 2860 posse
600 2781 720 2839 videtur
898 2780 957 2839 960

59 2894 134 2948 esse,
155 2875 215 2934 nisi
232 2877 314 2936 ultra
334 2879 374 2937 sit
391 2879 471 2956 quod
491 2879 596 2952 finiat3
616 2884 652 2936 ut
673 2877 811 2935 videatur

59 2990 120 3049 quo
137 2991 199 3031 non
216 2973 333 3052 longius
354 2975 427 3035 haee
447 2995 551 3035 sensus
574 2982 684 3035 natura
704 2981 855 3053 sequatur.

59 3087 142 3126 nuno
163 3075 250 3129 extra
269 3091 415 3132 summam
436 3074 577 3151 quoniam
598 3073 643 3132 nil
660 3092 723 3132 esse
743 3072 908 3146 fatendum,

58 3182 122 3222 non
141 3163 233 3224 habet
252 3173 428 3241 extremum,
451 3175 532 3228 caret
552 3188 622 3246 ergo
642 3168 702 3227 fine
722 3168 875 3246 modoque.

58 3279 115 3320 neo
137 3263 232 3322 refert
255 3265 365 3341 quibus
386 3266 511 3325 adsistas
532 3267 702 3343 regionibus
721 3266 805 3342 oius3
899 3264 957 3323 965

59 3377 155 3437 usque
175 3360 257 3434 adeo,
277 3380 365 3439 quem
382 3364 507 3441 quisque
530 3363 629 3421 locum
646 3362 786 3440 possedit,
807 3360 841 3419 in
862 3361 958 3419 omnis

141 3469 168 3514 a
861 3457 886 3514 t
