2198 3764
485 209 619 270 LIBER
646 210 674 271 I.

275 382 279 401 ‘
373 414 430 477 sa
444 415 548 495 μοσχι
567 415 677 493 osae
697 415 761 476 aa.

109 537 117 571 ‘
170 543 252 605 Nam
275 544 302 604 ai
324 545 362 604 de
384 546 447 605 nilo
464 547 583 618 fierent,
605 565 644 604 ex
667 546 797 605 erunibu’
817 546 910 606 rebua

131 660 218 699 omne
241 661 334 719 genus
351 642 433 701 nasei
455 649 562 720 posset,
585 643 630 701 nil
653 643 765 702 semine
786 651 912 720 egeret
972 643 1030 704 160

131 757 148 797 e
170 758 253 797 mara
275 739 405 817 primum
426 740 569 812 homines,
591 759 609 798 e
631 747 713 799 tarra
734 747 835 818 penset
857 741 929 799 oriri

132 837 349 914 aquamigerum
373 858 467 915 genua
487 845 519 897 et
540 838 674 897 volueres
696 857 849 915 erumpere
862 839 961 913 eae103

131 941 266 994 armenta
288 944 377 1012 atque
400 937 476 995 aliae
497 935 632 1014 pecudea,
656 955 749 1013 genua
768 955 856 994 onina
876 935 1017 1010 ferarum,

131 1031 246 1092 ineerta
268 1039 356 1110 partu
379 1033 461 1092 culta
483 1053 519 1092 aa
542 1034 660 1091 desem
680 1037 826 1092 tenerent

131 1149 185 1189 neo
208 1130 324 1192 fructus
346 1130 427 1190 idem
449 1131 605 1191 arboribus
627 1137 763 1189 eonatare
786 1131 924 1206 solerent,
969 1130 1028 1190 165

131 1226 183 1286 aad
201 1234 398 1301 mutarentur,
420 1228 499 1287 ferre
518 1247 622 1287 omnes
643 1228 743 1286 omnia
765 1233 892 1303 possent
993 1261 999 1270 ι

131 1324 248 1401 quippe,
270 1324 324 1383 ubi
344 1344 406 1383 non
425 1330 525 1382 eaaant
547 1323 689 1401 genitalia
711 1341 834 1398 corpora
858 1322 973 1400 cuique,

130 1421 183 1497 qui
202 1427 302 1498 posset
321 1428 416 1480 mater
435 1423 524 1481 rebus
544 1422 704 1480 eonaistare
723 1422 823 1480 certat

130 1524 164 1577 at
183 1538 263 1577 nune
286 1519 449 1577 seminibus
472 1519 543 1596 quia
565 1518 655 1576 certis
677 1536 812 1595 quaeque
829 1524 978 1589 creantur,

130 1616 200 1676 inde
223 1616 372 1676 enascitur
394 1624 483 1694 atque
507 1636 574 1676 orae
595 1619 628 1675 in
649 1617 772 1676 luminis
793 1617 865 1689 exit,
970 1616 1027 1677 170

129 1713 268 1772 materies
288 1713 341 1771 ubi
361 1712 441 1771 inest
463 1713 604 1790 emurque
627 1721 659 1770 et
681 1731 803 1789 corpora
824 1714 939 1789 prima3

129 1817 220 1889 atque
240 1810 296 1869 hae
317 1831 350 1870 re
371 1818 524 1889 nequeunt
545 1831 584 1870 ex
607 1811 744 1870 omnibus
768 1811 868 1869 omnia
891 1810 985 1888 gigni,

129 1906 209 1984 quod
231 1908 320 1966 eertia
343 1908 375 1967 in
396 1909 485 1967 rebus
508 1908 588 1967 inest
608 1920 723 1968 saerata
744 1907 883 1967 facultaa

129 2010 357 2082 praetereatur
378 2025 447 2064 vare
468 2025 574 2078 rosam,
589 2005 741 2064 frumenta
762 2004 866 2077 calore,

128 2102 208 2161 vitea
229 2109 374 2161 autumno
394 2102 482 2160 fundi
503 2101 646 2161 suadente
667 2101 811 2173 videmur,
968 2098 1025 2160 175

86 2228 102 2269 2
129 2200 246 2273 sinon,
269 2206 350 2259 eerta
376 2219 430 2259 auo
453 2200 525 2277 quia
547 2206 679 2278 tempure
702 2199 816 2257 semina
836 2217 936 2257 rernm

129 2315 197 2355 euni
218 2297 435 2370 confluxerunt,
456 2297 561 2374 patefit
580 2296 785 2373 quodcumque
805 2303 932 2368 creatur,
981 2289 985 2298 ’

128 2394 202 2451 dum
221 2399 411 2470 tempestates
431 2395 541 2452 adsunt
560 2399 593 2451 et
614 2392 718 2450 vivida
737 2392 828 2450 tellua

128 2495 198 2550 tuta
217 2510 266 2549 rea
288 2497 406 2550 tenerae
425 2492 512 2549 effert
531 2489 564 2547 in
584 2487 705 2546 luminis
726 2489 811 2546 oraui
901 2546 903 2553 ,

128 2586 208 2664 quod
229 2587 256 2646 ai
278 2588 315 2647 de
336 2589 399 2647 nilo
419 2589 533 2660 fierent,
557 2587 657 2645 subito
680 2592 874 2644 exorerentur
968 2586 1028 2646 180

127 2682 245 2742 ineerta
267 2686 364 2761 spatio
387 2690 477 2762 atque
497 2683 603 2742 alienia
623 2682 759 2760 partibus
782 2683 864 2754 anni,

127 2779 240 2857 quippe
262 2780 316 2839 ubi
337 2780 422 2838 nulla
442 2780 543 2838 forant
566 2779 727 2857 primordia
749 2797 825 2855 quae
846 2778 969 2855 genitali

128 2876 253 2950 eoncilio
276 2883 396 2954 possent
418 2877 512 2935 areeri
530 2883 662 2953 tempore
683 2875 794 2952 iniquo.

127 2992 184 3032 nee
206 2992 294 3050 porro
316 2973 460 3050 augendis
482 2974 570 3031 rebus
593 2971 690 3049 spatio
713 2971 792 3029 foret
815 2989 888 3030 uena

127 3069 249 3130 reminis
270 3070 307 3128 ad
328 3071 447 3143 eoitum,
468 3070 494 3128 ai
514 3089 531 3129 e
551 3069 613 3127 nilo
633 3088 761 3127 creseere
781 3072 902 3146 possent
909 3089 919 3145 3
968 3068 1026 3129 185

127 3189 198 3228 narn
219 3170 324 3228 tierent
343 3169 465 3228 iuvenes
484 3169 584 3227 aubito
604 3187 643 3227 ex
662 3166 822 3226 infantibu'
842 3167 943 3244 parvis

127 3290 145 3328 e
164 3273 304 3345 terraque
327 3274 431 3325 exorta
450 3273 572 3344 repente
591 3268 713 3325 arbusta
732 3267 878 3340 salirent.¹

126 3384 254 3444 quorum
273 3364 316 3423 nil
337 3363 403 3423 fieri
421 3365 611 3423 manifestum
633 3369 687 3436 eat,
709 3362 808 3421 omnia
830 3360 951 3439 quando
1027 3376 1028 3382 ’
