2198 3764
136 213 173 274 12
492 211 686 273 luetur!

132 361 165 420 in
185 381 291 440 parvas
312 360 405 439 igitur
424 361 518 439 partis
539 361 721 438 dispergitur
741 362 829 420 umor

134 477 208 536 quas
227 458 307 516 oculi
325 457 410 516 nulla
430 463 555 534 possunt
574 456 690 515 ratione
710 456 820 516 videre
985 455 1047 515 310

134 557 209 635 quin
228 557 319 615 etiam
340 556 444 614 multis
463 556 535 614 solis
546 555 749 613 ⁴redeuntibus
769 554 856 612 annis

134 653 242 710 anulus
262 651 295 709 in
315 652 409 728 digito
430 652 533 710 subter
552 656 697 710 tenuetur
717 651 861 723 habende,

136 749 259 807 stilicidi
278 768 364 808 ossus
384 748 513 825 lapidem
533 753 629 821 cavat,
650 766 745 806 uncus
764 747 859 806 aratri

135 843 250 902 ferreus
270 842 385 902 occulte
405 842 550 900 decrescit
568 861 672 901 vomer
690 841 723 901 iu
743 843 832 915 arvis,

137 946 294 1018 strataque
314 941 375 998 i'am
395 941 476 1018 volgi
494 941 620 1018 pedibus
640 940 753 999 detrita
771 941 889 999 viarum
984 940 1046 998 315

136 1057 226 1099 saxea
245 1040 458 1118 conspicimus3
478 1046 544 1098 tum
564 1045 665 1116 pertas
685 1045 807 1117 propter
827 1059 905 1098 aena

136 1139 222 1214 signa
240 1156 346 1195 manus
365 1137 487 1196 dextras
507 1137 671 1196 ostendunt
689 1137 850 1196 adtenuari

136 1254 223 1313 saepe
243 1236 427 1294 salutantum
446 1241 530 1294 taotu
550 1242 726 1313 praeterque
746 1242 908 1294 meantum.

136 1333 209 1392 haee
229 1333 323 1411 igitur
341 1334 446 1406 minui,
468 1353 536 1392 oum
556 1333 619 1392 sint
638 1333 758 1404 detrita,
779 1332 923 1391 videmus.

138 1429 190 1488 sed
209 1449 284 1507 quae
304 1449 427 1506 corpora
445 1429 592 1488 deoedant
611 1429 645 1487 in
664 1435 797 1505 tempore
816 1426 946 1507 queque,
984 1427 1046 1488 320

138 1525 241 1584 invida
259 1527 421 1605 praeclusit
441 1527 568 1604 speeiem
588 1533 699 1586 natura
718 1526 848 1587 videndi.
1057 1541 1059 1546 '

138 1630 287 1701 postremo
306 1642 507 1700 quaecumque
526 1622 591 1682 dies
610 1629 777 1701 naturaque
797 1624 885 1681 rebus

138 1721 285 1799 paulatim
304 1721 421 1793 tribuit,
443 1721 619 1786 moderatim
639 1741 771 1780 erescere
790 1739 907 1797 cogens,

139 1820 222 1878 nulla
241 1826 340 1897 potest
359 1820 511 1878 oculorum
531 1820 610 1878 acies
629 1825 771 1878 contenta
789 1820 879 1891 tueri,

139 1937 194 1975 neo
210 1936 298 1995 porro
313 1935 516 1994 quaecumque
533 1936 607 1974 aevo
625 1917 777 1994 macieque
792 1919 960 1989 senescunt,
987 1916 1047 1974 325

139 2035 204 2087 nee,
224 2033 305 2073 mare
325 2034 401 2093 quae
420 2013 594 2091 inpendent,
614 2032 701 2071 veseo
720 2013 782 2071 sale
802 2032 875 2071 saxa
894 2032 1024 2089 peresa¹

140 2111 213 2188 quid
232 2130 349 2188 quoque
368 2110 511 2168 amittant
529 2109 563 2167 in
582 2114 717 2186 tempere
736 2129 855 2167 eernere
875 2108 978 2186 possis.

141 2209 312 2286 corporibus
331 2209 423 2266 caeeis
443 2207 537 2284 igitur
556 2213 666 2264 natura
685 2207 765 2283 gerit
784 2225 839 2265 res.

141 2385 259 2444 Resides
278 2384 388 2442 Μαίων
407 2382 483 2442 there
507 2382 535 2442 ir
560 2383 623 2442 aleo
655 2381 734 2442 Void.
777 2379 875 2457 Proqf
884 2378 975 2455 from
1002 2381 1048 2440 rto

242 2479 378 2540 oetam
398 2478 436 2554 of
449 2479 560 2538 motion
579 2479 643 2538 aad
653 2482 714 2555 five
734 2478 814 2537 other
829 2478 940 2554 preest.

181 2594 248 2654 Neo
267 2599 368 2652 temen
387 2593 519 2670 undique
539 2612 678 2670 corporea
700 2582 813 2670 stipata
832 2599 979 2651 tenentur

143 2693 242 2752 omnia
261 2699 387 2765 natura3
406 2712 535 2769 namque
554 2698 601 2751 est
620 2693 654 2751 in
673 2693 762 2751 rebus
782 2691 879 2750 inane.
988 2691 1047 2751 330

144 2790 223 2868 quod
242 2790 300 2848 tibi
318 2808 458 2866 cognosse
477 2790 510 2848 iu
530 2789 634 2848 multis
654 2790 713 2848 erit
731 2788 808 2846 utile
826 2788 917 2846 rebus

144 2907 199 2946 neo
219 2887 297 2945 sinet
316 2891 466 2946 errantem
486 2886 625 2944 dubitare
645 2891 677 2944 et
697 2903 839 2962 quaerere
859 2903 979 2962 semper

145 2985 183 3044 de
201 3003 318 3043 summa
337 3002 438 3042 rerum
458 2989 490 3041 et
509 2983 620 3042 nostris
640 2982 774 3041 diffidere
794 2981 890 3041 dietis

285 3079 305 3117 a
385 3079 405 3117 a
486 3079 506 3117 a
587 3079 607 3118 a
688 3079 707 3116 s
789 3077 808 3116 a
888 3075 910 3115 a

145 3177 225 3257 quod
244 3176 272 3236 si
290 3195 351 3234 non
371 3181 457 3247 esset,
478 3174 563 3233 nulle
582 3176 698 3233 ratione
719 3173 833 3233 moveri
990 3175 1047 3234 335

145 3294 193 3334 res
212 3277 350 3352 possent;
369 3291 498 3349 namque
517 3272 645 3331 officium
665 3270 745 3348 quod
765 3269 898 3347 eorporis
917 3277 1028 3343 exstat,

146 3369 261 3428 officere
280 3371 371 3444 atque
390 3365 518 3442 obstare,
538 3364 570 3424 id
590 3364 725 3423 inomni
745 3371 878 3442 tempore
897 3363 1016 3424 adesset
1059 3386 1062 3393 ·
