2198 3764
449 214 580 275 LIBER
605 214 651 276 II.
961 216 998 279 79

104 376 226 436 corpora
245 357 467 418 distribuuntur
486 365 519 419 et
538 359 577 418 ad
597 378 656 417 sua
671 359 767 418 saecla
786 360 936 430 recedunt,

104 476 192 515 umor
210 457 248 515 ad
269 477 409 531 umorem,
430 465 551 516 terreno
568 475 688 535 corpore
706 463 788 517 terra

104 555 211 614 crescit
227 561 260 615 11
278 557 377 633 ignem
394 556 480 634 ignes
495 557 665 634 procudunt
681 556 859 634 aetheraque
876 556 979 629 aether,

104 650 233 729 donique
253 652 291 711 ad
311 658 475 712 extremam
494 654 643 712 crescendi
663 654 772 731 perfica
791 655 880 713 finem
923 653 1000 713 1116

104 749 205 808 onmia
224 748 366 827 perduxit
384 769 483 808 rerum
502 756 612 809 natura
631 752 778 825 creatrix;

104 852 141 904 ut
159 845 199 903 fit
215 846 268 904 ubi
286 845 349 905 nilo
368 846 429 904 iam
449 846 516 923 plus
535 853 581 906 est
600 847 679 924 quod
699 847 789 906 datur
807 846 889 906 intra

104 941 207 1000 vitalis
226 961 318 1001 vanas
337 962 427 1020 quam
446 942 525 1020 quod
545 943 615 1002 fluit
633 943 730 1021 adque
749 944 869 1003 recedit.

104 1037 241 1096 omnibus
260 1037 309 1097 hic
328 1044 411 1097 aetas
430 1038 520 1097 debet
538 1038 698 1098 consistere
716 1038 814 1113 rebus,
923 1040 1001 1101 1120

103 1132 153 1191 hic
172 1139 281 1192 natura
299 1133 363 1192 suis
381 1134 514 1193 refrenat
532 1135 646 1193 viribus
665 1139 796 1197 auctum.

103 1250 175 1289 nam
194 1250 397 1310 quaecumque
416 1232 500 1291 vides
518 1232 615 1292 hilaro
634 1232 826 1310 grandescere
845 1234 974 1294 adauctu
997 1199 1011 1208 Ἰ

102 1328 307 1406 paulatimque
325 1329 435 1406 gradus
454 1331 561 1390 aetatis
581 1331 721 1390 scandere
741 1331 870 1404 adultae,

103 1426 191 1503 plura
210 1426 268 1483 sibi
287 1425 451 1485 adsumunt
469 1445 559 1503 quam
579 1426 616 1485 de
636 1445 668 1486 11
687 1445 809 1504 corpora
827 1427 962 1501 mittunt,

103 1522 177 1580 dum
194 1521 279 1580 facile
292 1520 326 1579 in
339 1540 430 1580 vanas
443 1521 526 1581 cibus
539 1522 635 1581 omnis
652 1522 768 1581 inditur
781 1529 813 1582 11
830 1524 902 1582 dum
923 1525 1000 1585 1125

102 1638 166 1678 non
184 1618 229 1678 ita
247 1625 320 1678 sunt
337 1619 398 1678 late
418 1620 549 1697 dispersa
569 1626 606 1680 ut
625 1622 723 1680 multa
741 1622 899 1683 remittant

103 1721 137 1773 11
155 1715 223 1793 plus
242 1715 378 1793 dispendi
397 1715 511 1775 iaciant
530 1736 619 1795 quam
640 1718 770 1777 vescitur
788 1723 877 1778 aetas

102 1831 175 1871 nam
194 1817 274 1872 certe
293 1814 386 1872 fluere
405 1812 502 1891 adque
521 1814 658 1874 recedere
677 1834 799 1893 corpora
818 1817 908 1876 rebus

101 1911 199 1969 multa
211 1930 318 1970 manus
330 1910 461 1970 dandum
474 1916 521 1971 est
528 1933 539 1987 3
558 1912 611 1971 sed
628 1912 715 1990 plura
732 1913 868 1972 accedere
881 1913 999 1986 debent,

102 2007 197 2067 donec
217 2009 364 2068 alescendi
383 2028 533 2068 summum
551 2009 678 2086 tetigere
698 2029 847 2071 cacumen
922 2011 1000 2070 1130

101 2105 174 2164 inde
193 2104 366 2175 minutatim
385 2105 464 2164 vires
484 2112 517 2164 et
535 2107 627 2165 robur
645 2106 782 2166 adultum

101 2202 217 2279 frangit
236 2208 268 2260 11
286 2202 320 2260 in
338 2206 453 2280 partem
473 2204 604 2281 peiorem
622 2204 749 2282 liquitur
768 2211 856 2265 actas

100 2300 212 2378 quippe
219 2299 331 2360 etenim
338 2307 450 2378 quanto
458 2301 998 2381 estresamplioqaugmineadempto,

101 2399 135 2456 et
153 2414 213 2473 quo
231 2395 322 2454 latior
340 2400 394 2470 est,
416 2395 449 2452 in
468 2400 590 2455 cunctas
609 2396 742 2475 undique
760 2398 855 2476 partis

100 2493 190 2571 plura
208 2492 296 2551 modo
315 2492 460 2570 dispargit
479 2497 512 2552 11
530 2494 569 2552 ab
588 2512 620 2552 se
638 2513 761 2572 corpora
779 2494 885 2570 mittit,
921 2494 998 2555 1135
1017 2482 1019 2487 ¹

100 2609 158 2648 nec
176 2589 263 2649 iacile
282 2590 316 2648 in
336 2608 427 2648 venas
447 2589 531 2650 cibus
549 2591 646 2651 omnia
665 2591 779 2651 diditur
799 2592 828 2651 ei

97 2680 157 2744 nec
177 2687 249 2744 satis
269 2691 323 2758 est,
344 2704 488 2763 proquam
507 2686 606 2764 largos
624 2694 780 2748 exaestuat
799 2693 907 2762 aestus,

100 2783 181 2842 unde
200 2786 290 2860 queat
309 2787 428 2841 tantum
448 2782 576 2842 suboriri
595 2803 630 2848 ac
649 2785 905 2864 subpeditare(

98 2881 166 2938 iure
185 2879 279 2956 igitur
296 2884 430 2955 pereunt,
451 2893 520 2937 cum
539 2880 686 2942 rarefacta
705 2882 824 2940 fluendo
849 2870 894 2926 Χ

98 2981 173 3037 sunt
185 2983 217 3035 et
229 2994 296 3034 cum
310 2975 442 3035 externis
454 2977 650 3036 succumbunt
662 2978 762 3037 omnia
774 2977 877 3055 plagis,
918 2976 996 3038 1140

97 3071 338 3152 quandoquidem
356 3071 464 3151 grandi
483 3073 567 3132 cibus
585 3094 659 3137 aevo
676 3075 803 3154 denique
822 3075 897 3134 defit
955 3117 956 3120 ,

97 3186 154 3226 nec
174 3167 340 3235 tuditantia
358 3185 421 3226 rem
441 3174 558 3226 cessant
576 3169 759 3235 extrinsecus
778 3169 871 3227 ullam

98 3283 222 3341 corpora
242 3264 384 3323 conficere
399 3269 435 3323 11
454 3264 550 3342 plagis
570 3266 680 3326 infesta
701 3265 828 3327 domare.

977 3322 979 3326 ⁴
1016 3319 1026 3358 1
