2198 3764
439 203 573 269 nisse
587 206 646 267 'II.
952 205 989 264 47

101 391 160 452 Tlos
182 411 292 451 eume.
335 390 436 450 Ateme
458 390 555 467 deser
577 367 737 449 emncwbut
746 384 832 462 from
858 384 904 444 tlte
926 405 992 461 per·

132 489 318 566 pendiculur,
333 488 387 548 else
400 488 464 566 tbey
477 487 564 547 could
574 506 659 546 moer
671 506 747 546 ceute
759 485 822 544 into
835 491 946 544 contact
958 501 993 542 or

128 585 216 663 form
228 586 352 675 clavisqu-

137 723 220 783 Illud
240 725 274 783 in
294 725 341 782 his
360 744 478 803 quoque
498 729 529 782 te
549 723 637 783 rebus
657 740 829 799 cognoscere
848 740 979 794 evemus,

89 841 219 898 corpore
240 841 307 880 curn
328 822 465 880 deorsum
486 826 600 880 rectum
621 821 783 898 perinane
804 821 944 879 feruntur

88 918 278 998 ¹ponderibus
298 919 433 996 propriis,
455 939 484 978 se
504 920 617 978 incerto
638 926 770 996 tempore
792 921 884 979 ferme

98 1015 279 1092 incertisque
299 1015 372 1074 locis
393 1017 489 1092 spatie
510 1017 656 1094 depellere
677 1019 808 1095 paulum,

96 1120 217 1172 tentum
236 1113 316 1190 quod
337 1133 455 1173 momen
474 1121 623 1174 mutatum
644 1114 743 1174 dicere
763 1114 863 1193 possis
935 1113 994 1172 220

97 1213 178 1290 quod
198 1212 258 1270 nisi
278 1212 425 1271 declinare
445 1214 582 1286 solerent,
604 1214 704 1272 omnis
724 1213 870 1286 deorsum,

97 1309 202 1368 imbris
223 1309 271 1368 uti
289 1316 402 1386 guttae,
423 1309 563 1369 cederent
582 1330 637 1388 per
656 1310 745 1369 inune
766 1309 955 1387 profundum,

98 1427 154 1465 nee
173 1407 252 1466 foret
272 1408 399 1467 offensus
418 1414 507 1466 natus
528 1427 583 1467 nec
603 1408 691 1486 plage
711 1414 810 1467 creste

98 1506 271 1583 principiis:
294 1506 339 1564 its
357 1507 402 1565 nil
423 1527 563 1584 umquem
583 1513 693 1566 nutura
714 1513 847 1568 creasset

102 1661 166 1721 Fer
187 1661 279 1740 toucy
300 1662 394 1722 bodies
413 1662 513 1721 would
534 1671 584 1722 not
604 1661 733 1722 coenulae
753 1661 856 1738 liqbter
875 1682 942 1721 ocos
961 1662 997 1725 in

142 1761 231 1819 Veid
273 1760 334 1818 But
348 1761 393 1819 tbe
405 1781 508 1819 swcrve
520 1762 547 1820 ie
561 1761 606 1820 tlte
619 1762 689 1820 lecet
697 1759 891 1839 possiblefm·
903 1761 997 1820 bodies

143 1859 181 1915 do
194 1865 244 1915 not
258 1857 412 1935 naturally
414 1857 482 1935 full
493 1859 643 1936 sidcwcys.

142 1979 230 2050 Quod
250 1980 277 2039 si
296 1980 375 2041 forte
394 1982 503 2060 uliquis
522 1982 618 2041 credit
637 1981 774 2059 graviore
793 1986 908 2057 potesse
938 1979 996 2038 225

101 2098 233 2155 corpore,
254 2097 314 2157 quo
335 2079 424 2138 citius
444 2086 558 2138 rectum
579 2099 633 2157 per
651 2080 740 2138 inune
761 2078 909 2151 ferrmtun

101 2175 233 2235 incidere
252 2195 292 2234 ex
311 2195 418 2254 supero
438 2176 598 2235 levioribus
618 2183 708 2255 etque
728 2177 774 2234 itu
793 2177 896 2253 plegae

101 2273 224 2350 gignere
242 2291 318 2350 quae
338 2274 453 2351 possint
473 2274 611 2350 genitalis
630 2275 752 2334 reddere
771 2280 880 2347 motus,

102 2371 191 2430 evius
212 2389 231 2428 e
250 2390 322 2429 vers
342 2371 428 2448 longe
449 2372 564 2429 ratione
584 2372 703 2432 recedit

102 2489 174 2527 nam
191 2489 245 2547 per
258 2489 350 2546 eques
362 2489 563 2548 quaecumque
576 2471 688 2529 cedunt
700 2476 791 2548 etque
804 2491 873 2530 sere
889 2490 999 2543 rerum,

104 2568 178 2626 haec
199 2586 253 2644 pro
272 2566 452 2645 ponderibus
471 2586 556 2625 cesus
577 2568 704 2626 celerare
724 2571 872 2626 necessest
942 2567 998 2626 231

104 2671 262 2744 propterea
282 2666 353 2742 quis
373 2685 478 2742 corpus
498 2685 592 2744 equae
612 2671 779 2743 nctursque
800 2665 899 2724 tenvis

104 2764 183 2822 acris
203 2763 278 2821 haut
298 2770 423 2840 possunt
442 2782 535 2841 seque
555 2784 619 2823 rem
640 2782 788 2841 quamque
807 2763 927 2836 morari,

106 2861 159 2921 sed
180 2861 268 2920 eitius
290 2861 399 2920 cedrmt
420 2863 604 2939 gravioribus
624 2866 819 2938 exsuperate3

106 2965 141 3020 st
160 2967 265 3019 contre
283 2961 361 3018 nulli
379 2961 417 3019 de
436 2961 520 3019 nulls
540 2967 624 3039 parte
641 2980 737 3038 neque
754 2959 817 3018 ulle
943 2959 1001 3018 235

107 3071 240 3134 ternpore
260 3056 350 3115 inune
370 3066 469 3134 potest
490 3077 617 3116 vacnum
637 3058 796 3116 subsistere
817 3057 868 3130 rei,

108 3153 189 3230 quin,
212 3171 267 3211 sue
288 3153 366 3230 quod
386 3161 494 3212 nature
514 3157 601 3230 petit.
622 3153 781 3213 concedere
801 3160 922 3232 perget3

108 3249 210 3308 omnis
230 3255 409 3327 quapropter
429 3249 540 3307 debent
559 3269 613 3327 per
633 3250 723 3309 inane
742 3250 878 3326 quietum

109 3365 202 3424 seque
221 3344 401 3422 ponderibus
419 3365 481 3404 non
500 3347 603 3423 aequis
622 3347 736 3406 concite
757 3347 838 3406 ferri.
