2198 3764
162 198 217 259 116
534 199 724 263 BUORETI

155 351 323 430 inperfecte
342 351 401 410 tibi
421 351 550 428 elapsast
571 350 748 428 ingrataque
770 351 838 410 vita.

155 453 188 506 et
207 467 262 507 nec
282 447 418 525 opinanti
440 465 520 507 more
543 447 582 506 ad
604 452 696 525 caput
715 434 837 506 adstitit
857 455 936 507 ente

156 565 245 622 quem
262 554 347 605 satur
364 565 400 604 ec
420 546 528 623 plenus
549 546 644 622 possis
668 544 813 604 discedere
837 564 955 605 rerum.
1006 545 1056 605 960

156 662 236 701 nnnc
255 643 353 701 alienu
371 648 427 702 tua
445 647 547 701 tamen
566 648 670 701 aetate
685 642 784 701 omnic
804 642 897 701 mitte

156 759 249 816 ecquo
262 740 418 816 animoque
431 739 558 817 agedum
571 758 696 816 magnus
710 739 853 798 concede:
874 737 1040 798 necessest’

156 836 230 911 iure,
255 843 290 895 ut
312 838 425 915 opinor,
448 841 526 914 aget,
550 837 615 895 iure
638 837 772 913 increpet
792 833 972 912 inciletque

157 935 236 994 cedit
257 935 338 994 enim
360 954 460 994 rerum
483 935 618 992 novitate
641 936 762 992 extrusa
785 938 929 990 vetustae

157 1052 280 1110 semper,
301 1042 332 1092 et
351 1053 390 1091 ex
409 1034 477 1092 eliis
496 1033 580 1091 eliud
600 1052 737 1110 reparare
755 1037 919 1090 necessest.
1005 1028 1055 1089 965

156 1149 211 1188 nec
227 1130 382 1208 quiequam
399 1130 434 1187 in
450 1129 624 1187 barathrum
639 1148 694 1186 nec
708 1128 832 1186 Tartara
844 1127 973 1185 deditur
983 1134 1051 1184 ntru

156 1228 294 1287 materies
313 1247 388 1304 opus
408 1233 454 1286 eet
473 1234 510 1285 ut
529 1233 664 1286 crescant
683 1233 801 1303 postera
819 1225 925 1284 raeda
934 1245 945 1300 ς

156 1344 234 1403 quae
255 1332 357 1383 temen
379 1325 479 1383 omnia
499 1330 530 1382 te
553 1325 619 1382 vite
642 1325 800 1402 perfuncta
822 1329 1011 1400 sequentum

157 1441 210 1479 nec
224 1422 323 1479 minus
336 1440 406 1497 ergo
419 1426 491 1478 ente
504 1419 576 1478 haec
587 1440 676 1498 quem
687 1426 722 1478 tu
732 1418 872 1492 cecidere,
886 1418 1055 1495 adenem

157 1520 198 1579 sic
218 1519 279 1577 adid
300 1538 338 1577 ex
357 1519 417 1576 alio
437 1537 601 1595 numquam
621 1518 744 1577 desistet
763 1517 837 1576 oriri
1001 1515 1058 1576 910

157 1617 278 1694 viteque
298 1616 446 1692 mancipio
466 1616 544 1673 nulh‘
564 1614 663 1687 detur,
684 1615 822 1673 omnibus
842 1632 912 1674 unu.

157 1714 268 1790 respice
288 1714 361 1772 item
382 1733 471 1790 quam
489 1713 536 1771 nil
555 1713 594 1771 ad
614 1732 668 1771 noa
688 1718 826 1771 anteacta
844 1717 989 1772 vetustae

157 1812 299 1890 temporie
318 1813 433 1870 aeterni
451 1811 553 1884 fuerit,
574 1831 663 1887 quem
684 1809 834 1868 nascimur
853 1817 939 1870 ente.

158 1911 214 1970 hcc
233 1909 328 1988 igitur
347 1911 500 1987 speculum
520 1910 606 1970 nobie
625 1916 735 1966 natura
753 1908 851 1967 futuri

157 2009 299 2084 temporie
320 2006 444 2083 exponit
464 2013 678 2083 postmortem
698 2004 827 2082 denique
847 2002 1060 2067 noeti-miii

157 2103 303 2181 numquid
324 2103 368 2161 ibi
388 2101 528 2161 horribile
548 2107 680 2178 apparet,
701 2119 774 2159 num
793 2100 886 2160 taiate
907 2102 1032 2162 videtur

158 2201 325 2279 quicquam,
346 2219 408 2259 ncn
428 2201 511 2258 omni
530 2218 632 2258 somno
652 2199 783 2256 securius
802 2201 929 2260 exetnti
1096 2214 1098 2221 '

158 2370 208 2429 Aa
221 2369 265 2430 the
279 2369 419 2429 Acheron
436 2367 501 2426 aad
516 2367 555 2426 ita
572 2367 689 2425 coum
707 2365 770 2425 tlact
785 2365 864 2425 thore
884 2387 950 2444 cre,
965 2389 1018 2429 uae
1035 2368 1063 2426 ia
1096 2378 1098 2385 '

395 2465 458 2525 rtis
471 2463 524 2540 lise
536 2464 599 2523 aad
611 2462 813 2540 roff-iustum.
1096 2482 1098 2491 ·

197 2581 302 2658 Atque
314 2599 351 2639 ea
363 2579 508 2637 nimirum
517 2596 719 2655 quaecumque
727 2576 910 2638 Acherunte
920 2577 1064 2657 profundo

143 2680 276 2756 'pmdita
296 2686 369 2737 aunt
388 2697 460 2750 esee,
481 2677 515 2735 in
534 2677 599 2734 vita
619 2683 690 2734 aunt
710 2675 809 2734 omnia
828 2679 930 2739 nobin

159 2795 214 2834 nec
233 2776 324 2834 miser
343 2774 508 2852 inpendens
528 2793 668 2850 magnum
688 2773 776 2831 timet
794 2792 867 2832 acre
889 2774 1064 2836 sammech
1096 2772 1098 2779 '

159 2871 311 2946 Tantalus,
332 2878 369 2930 ut
387 2871 507 2942 tumeat,
528 2889 610 2928 casae
628 2869 789 2927 formidine
809 2874 962 2948 turpem

160 2967 212 3025 aed
231 2970 325 3044 magis
345 2969 379 3026 in
397 2968 462 3026 vita
482 2967 583 3025 divcm
603 2972 700 3025 metus
720 2972 808 3043 urget
828 2967 939 3032 inania

159 3063 294 3121 mortalis
313 3083 471 3141 ceaumque
491 3064 599 3122 timent
619 3082 706 3140 quem
726 3063 834 3139 cuique
855 3065 944 3126 feret
963 3068 1033 3128 forr.

160 3179 215 3218 nec
234 3160 344 3236 Tityon
364 3162 500 3221 volucres
518 3161 625 3219 ineunt
645 3159 821 3219 Acherunte
841 3162 1001 3226 iacentem

160 3274 215 3313 nec
228 3254 307 3332 qucd
320 3257 375 3314 eub
388 3276 495 3333 magno
508 3262 678 3315 scrutentur
690 3263 810 3332 pectore
823 3259 998 3340 quicquam
1013 3258 1061 3322 ⁹8⁶

160 3358 333 3430 perpetuum
354 3359 482 3412 aetutem
502 3360 626 3432 possunt
644 3354 775 3430 reperire
794 3359 948 3434 profecto.
978 3378 987 3390 ··
