2198 3764
95 204 134 269 tt
447 208 641 270 LUORETI

94 355 175 415 undo
195 355 308 415 obeunt
327 356 477 434 minuunt,
499 379 559 437 quo
580 379 689 419 venere
709 362 849 438 augmine
870 361 997 437 donant,

93 451 148 511 illo
167 472 317 514 eeneooere
337 456 461 516 ethaeo
480 464 586 516 eontra
608 459 760 518 florescere
780 465 904 536 cogunt,

93 568 149 608 neo
162 556 358 610 remorantur
377 552 429 615 ibi.
454 554 497 612 eio
517 574 617 613 rerum
638 575 755 613 summu
774 564 907 614 novatur
959 555 996 619 75

94 667 217 727 semper,
239 656 272 709 et
294 651 375 710 iuter
395 671 428 710 ee
449 653 591 711 mortales
611 660 717 712 mutuo
739 655 858 713 vivunt

94 752 259 824 augescunt
276 748 353 807 oliae
372 756 483 826 gentes,
506 751 582 810 aliae
602 752 791 825 minuuntur,

94 844 184 922 inque
204 845 290 904 brevi
309 847 407 924 opotio
425 853 583 906 mutantur
603 850 698 907 saeclo
718 850 909 908 animantum

94 945 126 998 et
145 942 231 1019 queri
249 961 384 1002 oureoree
403 945 479 1003 vitai
498 944 636 1023 lampedo
656 945 788 1005 trudunt.

106 1097 208 1156 Atome
226 1083 302 1157 Ῑισιυό
316 1105 372 1158 troo
391 1097 604 1178 motione—(l)
624 1099 719 1175 moinq
740 1108 767 1157 to
786 1098 901 1176 welqltt,
924 1101 988 1158 ond

307 1200 309 1205 ’
389 1196 435 1276 (2)
455 1197 532 1272 afler
551 1197 691 1257 oollieiou.

134 1319 169 1378 Si
187 1338 300 1380 oeream
321 1326 419 1399 putor
433 1340 533 1380 rerum
555 1320 718 1399 primordio
740 1339 826 1398 posse
956 1322 996 1381 80

94 1420 290 1497 cessandoque
311 1438 405 1478 novoe
427 1438 526 1478 rerum
549 1421 724 1498 progignere
744 1426 854 1494 motus,

93 1516 179 1574 evius
200 1535 220 1576 o
240 1536 312 1575 vero
327 1515 416 1594 longo
437 1517 554 1575 ratione
575 1517 701 1593 vagaris.

93 1630 164 1669 num
183 1612 325 1689 quoniam
344 1630 399 1689 per
419 1612 509 1671 inune
530 1621 687 1690 vagantur,
709 1618 818 1671 ounoto
838 1620 990 1671 necessest

94 1714 148 1766 out
168 1709 316 1786 gravitate
335 1728 389 1768 ene
412 1708 485 1768 ferri
503 1709 666 1787 primordio
685 1729 786 1768 rerum

94 1811 149 1863 out
170 1806 234 1865 iotu
253 1806 332 1865 forte
349 1807 481 1866 alteriue
516 1827 588 1865 nom
608 1827 675 1866 oum
697 1806 758 1864 oito
777 1825 866 1884 saepe
955 1807 995 1866 85

94 1903 183 1962 obvie
206 1904 373 1977 conflixere,
395 1905 433 1962 fit
452 1911 489 1962 ut
511 1903 629 1962 diverso
651 1909 773 1980 repento

95 2002 262 2078 dissiliunt3
288 2022 385 2080 neque
406 2003 485 2061 enim
504 2003 622 2075 mirum,
645 2002 803 2060 durissimo
825 2021 905 2078 quae
925 2003 990 2060 sint

94 2103 273 2181 ponderibus
286 2103 388 2162 solidis
400 2121 497 2180 neque
510 2099 700 2180 quicquam'u
709 2088 874 2178 tergo‘ibus
885 2101 1000 2164 obstet.-

95 2206 127 2259 et
142 2219 202 2278 quo
221 2200 328 2259 iactari
349 2200 444 2278 magis
466 2201 567 2258 omniu
590 2198 729 2257 materiei

95 2316 217 2374 eorporo
237 2296 402 2373 pervideas,
424 2297 613 2355 reminiscere
635 2296 730 2354 totius
747 2294 841 2353 imum
957 2297 997 2355 90

95 2396 139 2454 nil
157 2415 220 2455 esse
232 2396 266 2453 in
283 2413 406 2469 summu,
426 2414 522 2472 neque
538 2394 648 2453 habere
665 2393 719 2452 ubi
737 2412 859 2470 oorpora
876 2394 978 2470 prima

96 2495 266 2566 consistent,
291 2494 431 2571 quonium
452 2493 584 2570 epatium
606 2493 670 2550 eino
693 2491 752 2550 fine
773 2491 954 2568 modoquest

95 2592 320 2668 inmensumque
340 2599 443 2668 potere
463 2591 497 2649 in
516 2597 639 2648 cunetae
658 2589 791 2666 undique
811 2591 912 2666 portis

95 2690 231 2767 pluribus
251 2689 369 2748 ostendi
390 2694 422 2748 et
442 2695 522 2747 certo
544 2689 660 2746 rationo
681 2687 877 2764 probutumst.

97 2783 175 2861 quod
196 2785 336 2860 quonium
357 2789 482 2855 constat,
506 2783 648 2840 nimirum
669 2781 753 2841 nullu
768 2780 852 2858 quies
874 2785 923 2839 est
959 2781 998 2840 95

96 2880 214 2938 reddito
236 2881 407 2958 corporibus
428 2880 533 2958 primis
550 2900 604 2957 per
624 2881 714 2938 inuno
731 2876 925 2956 profundum,

71 3002 76 3017 ·
97 2976 149 3036 sed
160 2976 265 3054 -mogis
284 2977 409 3036 adsiduo
432 2979 569 3055 varioque
590 2977 722 3035 exercite
739 2981 825 3033 motu

96 3074 206 3154 partim
228 3075 394 3135 intervallis
414 3075 530 3152 mugnis
553 3074 687 3134 confulta
708 3073 866 3146 resultent,

97 3191 166 3251 pore
183 3171 274 3230 etiem
294 3173 435 3231 brevibus
456 3172 560 3249 spatiis
580 3177 730 3231 vexantur
749 3171 787 3229 ab
809 3170 883 3232 ictu.

97 3276 130 3331 et
149 3289 351 3347 quoecumque
368 3270 463 3346 mugio
480 3270 627 3328 condenso
642 3269 802 3328 oonoiliotu
938 3271 993 3329 100

98 3367 213 3445 exiguis
233 3365 400 3455 intervallie
419 3373 560 3424 eonveote
581 3366 737 3453 resultent,
771 3379 775 3384 ·
804 3444 809 3450 .
