2198 3764
411 221 543 282 LIBER
570 220 636 282 III.
932 218 972 281 89

76 367 155 445 quod
176 369 264 428 simul
285 375 375 447 atque
394 369 543 430 hominem
564 371 620 429 leti
639 389 742 429 secura
762 369 846 447 quies
867 374 914 427 est

75 462 198 540 indepta
219 471 308 546 utque
329 465 422 523 animi
441 472 551 524 natura
570 468 746 542 animaeque
766 464 896 536 recessit,

74 558 120 616 nil
139 559 183 617 ibi
203 561 328 618 libatum
350 561 388 619 de
407 567 472 619 tctc
494 580 614 638 corpore
636 580 738 619 cernas

75 655 113 713 cd
133 656 268 732 speciem,
287 659 332 716 nil
352 658 390 716 ud
411 657 545 735 pondus:
565 678 644 717 mors
664 659 765 717 omnia
786 661 918 735 praestat

75 751 198 810 vitalem
217 763 336 829 praeter
355 773 474 812 sensum
496 754 683 831 calidumque
704 773 851 830 vaporem.
912 751 971 809 215

40 851 42 856 ’
75 867 145 924 ergo
165 849 294 907 animam
315 856 410 908 totam
431 851 585 927 perparvis
606 869 670 908 esse
690 856 837 909 necessest
924 887 927 892 -

75 943 247 1016 seminibus,
267 964 376 1003 nexam
396 965 450 1022 per
469 964 561 1003 venus
582 945 696 1003 viscera
716 927 841 1019 ncrv0s3

75 1045 230 1115 quatenus,
250 1041 346 1099 omnis
367 1041 421 1099 ubi
439 1059 457 1099 s
475 1046 541 1099 toto
562 1040 622 1098 iam
644 1059 765 1117 corpore
786 1040 883 1113 cessit,

75 1137 189 1195 extima
209 1139 407 1196 membrorum
428 1139 661 1196 circumcaesura
679 1142 781 1195 tamen
801 1157 832 1195 ss

75 1234 253 1293 incolumem
273 1242 406 1312 praestat
426 1254 481 1293 nec
502 1234 576 1293 defit
594 1234 733 1311 ponderis
753 1234 855 1292 hilunu
913 1234 971 1292 220

75 1330 154 1408 quod
175 1350 269 1407 genus
290 1339 336 1391 cst
357 1332 468 1390 Bccchi
488 1352 556 1391 cum
577 1332 631 1390 flos
651 1333 775 1390 evanuit
795 1335 850 1389 cut
869 1349 937 1388 cum

75 1429 199 1505 spiritus
219 1428 365 1505 unguenti
385 1429 485 1488 suavis
505 1429 625 1505 diffugit
643 1428 676 1486 in
697 1446 785 1485 auras

74 1530 130 1582 aut
149 1525 249 1601 aliquo
270 1544 338 1583 cum
359 1525 420 1583 ism
439 1544 527 1583 sucus
548 1524 585 1583 de
606 1543 726 1601 corpore
746 1521 851 1596 cessit3

74 1621 120 1678 nil
141 1620 234 1679 oculis
254 1626 356 1678 tamen
377 1640 440 1679 csse
460 1621 559 1678 minor
578 1640 625 1678 res
645 1621 710 1697 ipss
733 1619 853 1685 videtur

74 1723 231 1793 propterea
243 1736 339 1795 nsque
352 1718 518 1776 detractum
533 1718 570 1776 ds
587 1717 716 1794 pondere
729 1717 897 1792 quicquam,
914 1716 971 1774 225

74 1814 218 1873 nimirum
239 1815 309 1891 quic
330 1815 426 1873 mults
446 1815 620 1890 minutaque
640 1813 754 1871 semina
774 1831 860 1871 sucos

75 1911 208 1969 efficiunt
229 1917 262 1970 et
281 1911 400 1969 odorem
421 1911 455 1968 in
474 1916 539 1969 tcto
560 1928 680 1987 corpore
700 1928 808 1967 rerum.

75 2028 168 2086 quare
187 2008 277 2067 etism
297 2014 387 2085 atquc
405 2007 496 2066 etism
515 2006 625 2064 mentis
642 2011 780 2063 usturam
798 2004 972 2082 animaeque

75 2106 151 2164 scire
170 2105 241 2164 licet
262 2124 403 2183 perquam
425 2103 566 2181 pauxillis
587 2122 650 2160 esse
672 2108 802 2161 creatam

75 2200 247 2273 seminibus,
265 2201 404 2276 quonism
424 2199 542 2275 fugiens
560 2197 605 2255 nil
624 2197 762 2274 ponderis
782 2197 889 2255 aufert
914 2198 972 2254 230

75 2364 171 2423 Mtnd
187 2364 252 2423 and
267 2364 334 2423 seul
352 2384 403 2422 are
420 2363 570 2439 compoced
581 2361 618 2439 of
630 2363 727 2438 misit,
743 2362 801 2435 air,
820 2362 894 2434 licat,
910 2363 972 2419 arrd

157 2483 178 2522 a
195 2482 265 2538 very
277 2461 368 2520 scat
381 2460 490 2536 fourth
503 2461 629 2532 etmel,
652 2459 811 2534 consisting(
825 2456 863 2534 qf
876 2458 971 2530 small,
997 2541 1004 2554 Ι

157 2557 266 2617 smootlt
279 2567 380 2632 atonw,
395 2558 506 2616 whence
520 2577 609 2616 comes
624 2557 777 2615 sacratiss.

138 2677 203 2737 Nec
212 2684 315 2737 tamen
327 2677 399 2736 hccc
412 2677 539 2753 simplex
552 2675 637 2734 nobis
650 2680 758 2732 natura
770 2672 905 2750 putanda
918 2681 970 2733 est

75 2772 178 2834 tenvis
197 2773 276 2831 enim
298 2772 442 2850 quaedam
462 2772 653 2831 moribundos
673 2770 783 2829 deserit
803 2789 876 2828 sura

76 2871 175 2928 mixte
196 2888 312 2946 vapore,
332 2888 424 2945 vapor
444 2887 532 2945 porro
556 2868 648 2926 trahit
670 2886 738 2925 sera
759 2885 864 2925 secum.

76 2985 133 3025 nec
153 2965 233 3024 calor
248 2969 295 3023 est
314 2964 477 3041 quisquam,
497 2964 546 3022 cui
563 2983 624 3022 non
641 2964 682 3022 sit
699 2963 812 3021 mixtus
830 2967 862 3020 st
878 2982 945 3036 ser3

76 3081 147 3122 rurs
167 3061 246 3140 quod
266 3061 329 3119 eius
348 3062 428 3119 enim
450 3067 566 3119 constat
586 3067 703 3133 ustura,
725 3064 870 3118 necessest
914 3060 972 3117 235

51 3168 56 3177 ’
77 3161 156 3221 seris
176 3162 256 3219 inter
276 3177 344 3218 eum
364 3159 526 3236 primordie
546 3160 642 3217 mults
662 3158 783 3216 moveri.

77 3261 139 3320 iam
160 3257 271 3334 triplex
292 3256 384 3314 animi
405 3260 452 3314 est
472 3257 566 3333 igitur
586 3262 695 3314 natura
714 3260 850 3332 repertc3

72 3373 134 3423 nec
152 3359 253 3412 tamen
270 3351 343 3410 hsec
356 3356 404 3412 set
416 3358 488 3410 sunt
500 3351 538 3412 cd
554 3371 672 3410 sensum
686 3356 792 3410 cuncte
805 3350 971 3425 usandum,
