2198 3764
459 221 592 283 LIBER
613 219 642 281 I.
954 213 993 278 26

97 372 177 449 quod
197 369 272 429 iecit
291 367 339 428 hic
359 368 447 443 idem,
467 368 646 446 perdelirum
667 387 729 427 esse
749 367 877 427 videtur.

97 488 168 527 nem
191 471 296 526 contre
318 484 421 525 sensus
443 467 483 524 eb
503 466 638 525 sensibus
660 465 723 543 ipse
744 468 890 543 repugnat

97 573 132 626 et
153 565 312 624 labefactat
334 583 393 636 eos,
411 563 491 622 unde
512 564 612 622 omnis
634 563 745 621 credite
768 562 908 639 pendent,

98 661 179 720 unde
190 661 240 720 hic
253 660 389 738 cognitus
401 665 446 718 est
459 659 517 736 ipsi
530 678 618 737 quem
630 659 767 717 nominet
779 658 886 735 ignem.
933 655 992 715 695

98 759 193 817 credit
213 758 293 816 enim
316 776 418 815 sensus
438 756 538 833 ignem
557 775 729 833 cognoscere
748 774 827 828 vere,

98 862 196 913 cetere
215 874 275 913 non
295 854 397 927 eredit,
420 873 496 930 quse
515 854 577 914 nilo
596 855 676 913 clare
695 854 794 913 miuus
814 857 892 917 sunt

98 951 178 1029 quod
198 951 272 1010 mihi
293 971 361 1011 cum
385 971 494 1010 venum
516 957 582 1011 tum
604 953 729 1012 delirum
752 971 814 1010 esse
836 951 974 1024 videtur3

98 1067 158 1125 quo
181 1049 341 1108 referemus
364 1048 462 1107 enimi
475 1049 557 1126 'quid
578 1049 663 1109 nobis
684 1049 793 1108 certius
813 1048 886 1126 ipsis

98 1145 234 1203 sensibus
247 1164 309 1204 esse
321 1150 428 1223 potest,
443 1145 495 1223 qui
507 1165 578 1204 vers
591 1165 625 1204 so
637 1146 712 1205 false
725 1146 877 1204 notemusi
935 1144 994 1206 700

97 1247 252 1318 praeterea
274 1261 366 1318 quere
386 1242 542 1318 quisquam
564 1242 659 1318 magis
681 1242 781 1301 omnis
803 1242 891 1300 tollet

97 1344 131 1395 et
154 1337 228 1396 velit
250 1337 365 1396 ardoris
388 1344 526 1395 naturam
550 1337 684 1415 linquere
706 1338 807 1412 solem,

97 1454 188 1511 quam
201 1439 290 1511 neget
302 1453 365 1493 esse
378 1435 464 1511 ignis,
479 1435 598 1512 quiduis
610 1442 711 1494 tumen
723 1455 786 1495 esse
798 1435 965 1513 relinquet?

98 1551 194 1611 seque
217 1533 337 1592 videtur
353 1534 434 1592 enim
456 1533 606 1592 dementis
625 1535 722 1594 dicere
742 1542 909 1613 utrumque.

117 1685 163 1768 (2)
206 1684 292 1747 Other
311 1687 429 1745 similw
447 1687 567 1748 theorice
587 1688 680 1748 which
701 1687 796 1749 destos
817 1688 977 1767 anthiope

260 1784 348 1863 from
368 1787 419 1846 orte
439 1807 473 1846 or
492 1796 547 1847 two
567 1787 605 1864 (γ’
619 1789 663 1847 tlte
683 1789 821 1849 elerum

143 1907 331 1987 Quapropter
343 1909 395 1986 qui
407 1910 560 1969 materiem
573 1929 634 1970 rem
650 1931 712 1970 esse
725 1915 870 1988 putarunt
939 1910 996 1972 705

96 2005 199 2082 ignem
221 2014 312 2084 etque
333 2027 372 2076 ex
394 2007 456 2086 igni
479 2029 625 2068 summam
647 2011 807 2069 consistere
828 2029 920 2088 posse,

97 2111 131 2164 et
152 2104 204 2182 qui
226 2104 405 2183 principium
428 2105 588 2182 gignundis
610 2126 679 2165 sors
700 2109 787 2166 rebus

98 2203 288 2278 constituere,
313 2209 368 2262 sut
391 2223 523 2263 umorem
544 2206 721 2282 quicumque
743 2209 889 2282 putarunt

98 2299 211 2376 fingere
233 2319 280 2358 ros
303 2301 400 2377 ipsum
428 2319 482 2378 per
504 2320 544 2373 se,
568 2312 716 2359 terramve
739 2319 838 2359 creare

99 2396 202 2454 omnis
224 2396 309 2456 etin
332 2415 431 2454 rerum
455 2402 578 2455 naturas
598 2398 709 2456 vertier
731 2397 835 2470 omnis,
938 2395 998 2460 710
1038 2433 1044 2443 ·

98 2512 209 2570 magno
231 2513 319 2571 opere
341 2513 361 2553 s
383 2513 454 2552 vero
477 2494 563 2571 longe
584 2494 716 2553 derrasse
738 2494 888 2552 videntur.

99 2592 176 2650 adde
194 2592 284 2650 etiem
304 2592 357 2669 qui
379 2592 590 2671 conduplicent
610 2592 771 2671 primordie
791 2610 890 2651 rerum

99 2709 170 2748 sere
192 2689 349 2767 iungentes
372 2690 435 2767 igni
454 2696 623 2768 terramque
646 2691 763 2768 liquori,

99 2793 132 2847 et
156 2787 208 2864 qui
231 2794 374 2864 quattuor
394 2809 433 2847 ex
453 2790 542 2848 rebus
564 2808 649 2866 posse
671 2789 772 2847 omnis
795 2793 901 2848 rentur

100 2905 138 2944 ex
154 2885 216 2962 igni
230 2893 311 2944 terre
323 2895 413 2965 etque
426 2887 526 2946 snims
538 2907 720 2965 procrescere
733 2892 765 2947 et
777 2887 874 2949 imbri.
938 2888 996 2959 tls

145 3055 191 3138 (3)
232 3056 415 3134 Empedocles
437 3057 476 3134 (γ’
489 3057 590 3135 Sicily.
634 3059 693 3119 we
706 3059 788 3136 four
811 3060 949 3124 clemente.

102 3197 228 3256 quorum
248 3178 470 3256 Acragantinus
491 3199 558 3241 cum
581 3182 685 3258 primis
708 3181 900 3259 Empedocles
921 3189 976 3257 est,

102 3276 201 3334 insula
221 3295 309 3353 quem
332 3277 486 3354 triquetris
506 3284 654 3338 terrarum
674 3282 766 3357 gessit
787 3282 821 3340 in
841 3283 910 3353 oris,

103 3391 193 3450 quem
215 3372 348 3445 fluitent¹
360 3373 470 3436 circum
490 3375 604 3454 magnis
626 3377 811 3438 aufractibus
832 3397 940 3457 sequor
