2198 3764
134 197 187 278 '14
503 218 691 282 suornm

146 416 232 475 deire
247 415 315 475 idco
331 414 371 492 os
384 417 496 476 motion
511 416 578 476 told
593 417 630 491 hp
642 437 726 491 som,
742 416 899 496 accordiop
912 425 942 476 to
955 416 1054 478 which

196 512 221 570 it
234 512 364 572 involves
377 513 447 590 only
459 513 568 589 diceps
582 512 752 590 esposicion
764 513 830 572 ond
840 523 892 572 not
911 513 993 574 Voti„

186 641 269 701 Illud
289 642 323 700 in
341 642 390 701 his
409 643 498 701 rebu's
516 662 556 701 ne
575 648 607 701 te
627 643 771 701 deducere
793 660 863 700 vero
990 642 1052 704 370

60 766 64 774 ·
145 739 247 818 possit,
268 740 345 816 quod
367 739 488 816 quidem
508 739 635 816 fingunt,
656 758 845 816 praecurrere
864 757 962 816 cogor.

146 836 249 894 cedere
268 836 458 912 squamigeris
478 834 583 894 latices
602 835 770 895 nitentibus
789 836 876 894 aiunt
957 860 962 868 ·

146 940 178 992 et
197 932 325 1010 liquidos
344 933 459 1011 eperire
477 933 552 1006 viss,
573 933 644 1010 quie
663 939 732 1010 post
750 932 814 992 loca
833 934 930 1012 pisces

146 1030 293 1108 linquent,
315 1049 375 1108 quo
393 1030 510 1112 possint
530 1030 668 1088 cedentes
688 1030 835 1089 confluere
855 1030 970 1106 undae3

147 1127 189 1187 sio
209 1128 281 1186 elius
300 1147 417 1206 quoque
437 1147 485 1188 res
503 1127 584 1186 inter
603 1147 635 1186 se
654 1146 740 1204 posse
759 1127 873 1186 moveri
991 1125 1051 1188 375

147 1229 179 1282 et
198 1230 316 1283 mutere
335 1225 440 1297 locum,
461 1224 598 1301 quumvis
618 1223 681 1281 sint
700 1223 801 1282 omnis
820 1222 917 1300 plene.

147 1322 260 1382 scilieet
278 1322 310 1381 id
331 1322 407 1380 sulse
425 1328 524 1382 totum
544 1321 661 1380 retione
680 1326 870 1397 receptumst

146 1438 217 1477 num
237 1437 296 1497 quo
315 1419 492 1496 squamigeri
514 1424 656 1496 poterunt
675 1417 835 1495 procedere
853 1416 989 1491 tandem,

146 1517 180 1574 ni
200 1515 329 1594 spatium
349 1516 487 1574 dederint
506 1516 628 1574 lutieesi
655 1515 815 1574 concedere
835 1534 924 1592 porro

49 1664 52 1670 .
147 1634 206 1693 quo
226 1620 369 1692 poterunt
387 1615 492 1687 undae,
514 1634 582 1673 eum
602 1614 697 1692 pisces
716 1614 760 1672 ire
779 1613 969 1690 nequibuntt
991 1613 1051 1673 380

147 1718 203 1771 sut
222 1711 315 1788 igitur
335 1719 420 1769 motu
440 1712 649 1788 privandumst
671 1731 793 1789 corpore
813 1730 948 1788 quaeque

147 1814 202 1867 sut
224 1827 288 1866 esse
311 1807 479 1866 admixtum
500 1808 693 1867 dicundumst
716 1809 804 1867 rebus
826 1809 916 1866 inens

147 1903 227 1962 unde
247 1903 357 1962 initum
378 1904 508 1982 primum
530 1905 629 1981 capiet
649 1923 698 1962 res
718 1923 852 1982 qumque
874 1904 1029 1964 movendi.

147 2005 295 2078 postremo
314 2001 376 2060 duo
396 2000 434 2059 de
458 2020 602 2060 concursu
625 2021 749 2079 corpore
769 2002 833 2060 lata
886 2053 889 2060 .

148 2096 175 2155 si
197 2096 258 2154 citu
281 2095 437 2169 dissiliant,
460 2117 566 2174 nempe
589 2117 640 2156 uer
661 2115 748 2155 omne
770 2099 929 2169 necessest,
991 2095 1049 2155 385

148 2195 228 2253 inter
250 2215 373 2272 corpore
395 2196 474 2273 quod
496 2197 558 2270 fiet,
582 2196 716 2274 possidet
736 2196 833 2254 inane.

148 2291 176 2350 is
194 2311 282 2370 porro
302 2294 438 2369 quumvis
459 2294 571 2352 circum
591 2293 799 2352 celerantibus¹
810 2291 891 2350 euris

148 2390 286 2463 confluet,
308 2390 389 2448 houd
408 2393 521 2469 poterit
540 2396 643 2450 temen
662 2410 723 2449 nno
743 2395 877 2466 temporo
896 2393 1000 2448 totum

149 2487 289 2564 compleri
308 2488 439 2564 spatium
447 2509 457 2562 3
477 2507 548 2546 nem
567 2487 697 2564 primum
717 2504 864 2564 quemque
884 2489 1037 2543 necessest

50 2616 53 2623 ·
148 2591 271 2662 occupet
290 2585 341 2644 ille
360 2586 468 2658 locum,
488 2585 597 2644 deinde
617 2583 717 2643 omniu
736 2582 955 2660 possideantur.
990 2581 1048 2640 390

148 2684 227 2758 quod
247 2683 274 2741 si
292 2682 371 2742 forte
390 2683 506 2761 uliquis,
528 2703 596 2742 eum
617 2700 740 2758 corpore
759 2679 926 2752 dissiluere,

57 2836 62 2845 .
149 2785 213 2836 tum
233 2784 323 2856 putat
341 2780 374 2838 id
393 2781 459 2838 fieri
478 2781 549 2857 quie
569 2799 601 2838 se
621 2777 802 2836 condenseat
822 2794 882 2846 cer,

148 2879 247 2949 errat3
266 2895 336 2933 nam
355 2895 484 2933 vacuum
504 2880 570 2933 tum
590 2876 627 2934 fit
646 2875 726 2952 quod
745 2892 807 2931 non
826 2870 888 2930 fuit
907 2876 982 2931 ante

149 2974 182 3027 et
199 2970 331 3046 repletur
350 2972 422 3030 item
443 2991 571 3030 vacuum
590 2971 670 3048 quod
690 2969 827 3028 constitit
845 2974 927 3041 ente,

148 3081 203 3122 nec
221 3063 279 3158 tuli
298 3066 415 3124 ratione
434 3072 533 3143 potest
552 3065 703 3125 denserier
722 3083 783 3137 cer,
989 3063 1045 3123 895

148 3178 211 3231 nec,
232 3160 260 3218 si
278 3159 339 3219 iem
358 3167 466 3238 posset,
487 3162 552 3220 sine
571 3160 656 3218 inani
675 3165 783 3237 posset,
804 3157 919 3235 opinor,

49 3336 55 3348 Ι
148 3253 212 3332 ipse
231 3255 266 3314 in
284 3274 316 3315 se
334 3256 454 3316 trahere
473 3264 505 3316 ct
524 3256 620 3334 partis
639 3254 802 3316 conducere
821 3253 856 3312 in
875 3273 983 3315 unum.
