2198 3764
465 198 599 262 claua
622 199 651 259 I.
966 207 1006 267 29
1059 146 1061 162 Ι

110 341 252 401 nimirum
273 343 345 420 quia
363 345 460 404 multo
478 344 574 404 modis
594 345 761 405 communia
780 348 884 408 multis

110 439 273 511 multarum
293 459 392 499 rerum
413 441 446 499 in
464 441 553 500 rebus
571 441 734 519 primordia
753 443 849 503 mixta
947 445 1006 506 815

110 539 191 608 sunt,
212 535 279 594 ideo
298 537 390 595 variis
409 537 510 594 variae
530 557 577 596 res
596 538 684 596 rebus
705 539 834 602 aluntur.

109 637 200 707 atque
220 632 321 691 eadem
342 633 443 711 magni
462 631 556 691 refert
574 633 735 711 primordia
754 655 840 714 saepe

109 751 178 791 cum
196 732 305 809 quibus
324 738 356 790 et
375 731 457 809 quali
476 732 611 810 positura
630 734 838 794 contineantur

109 833 141 886 et
160 847 233 904 quos
252 828 332 886 inter
351 847 382 887 se
402 828 475 887 dent
494 835 592 887 motus
613 829 835 908 accipiantqu03

107 943 236 1002 namque
249 924 350 983 eadem
364 925 477 984 caelum
490 944 571 984 maro
584 929 678 984 terras
692 927 815 986 flumina
828 927 918 989 solem
944 929 1004 991 820

108 1021 305 1093 constituunt,
325 1020 426 1080 carlom
446 1021 547 1098 fruges
566 1021 688 1080 arbusta
707 1025 874 1099 animantis,

106 1136 211 1176 verum
232 1117 299 1177 aliis
318 1118 434 1195 alioque
453 1120 541 1177 modo
560 1120 721 1178 commixta
739 1127 905 1185 monentur.

107 1217 181 1294 quin
200 1216 291 1275 etiam
310 1216 418 1292 passim
437 1217 547 1274 nostris
567 1216 600 1275 in
619 1217 754 1299 uersibus
773 1218 845 1296 ipsis

106 1314 203 1373 multa
221 1314 367 1373 clementa
388 1313 471 1372 vides
490 1313 593 1372 multis
613 1314 780 1373 communia
801 1315 906 1388 verbis,

105 1430 173 1469 cum
194 1418 293 1470 tamen
312 1411 393 1469 inter
412 1429 444 1471 se
462 1430 566 1470 versus
585 1429 621 1469 ac
640 1412 732 1469 verba
750 1417 898 1470 necessest
941 1412 1000 1471 825

105 1507 264 1566 confiteare
284 1511 317 1565 et
335 1525 368 1565 re
388 1513 419 1566 et
439 1508 539 1565 sonitu
560 1506 670 1566 distare
690 1507 816 1568 sonanti.

103 1611 225 1662 tantum
245 1604 391 1666 clementa
410 1609 526 1681 queunt
543 1609 712 1681 permutato
732 1603 835 1662 ordine
855 1605 934 1680 solo;

103 1706 256 1758 atrorum
275 1719 352 1777 quae
371 1705 443 1757 sunt
462 1700 632 1776 primordia,
652 1699 740 1777 plura
758 1701 898 1759 adhibere

102 1801 230 1874 possunt
249 1796 328 1855 unde
348 1801 460 1874 queant
479 1796 578 1857 variae
597 1815 645 1855 res
665 1815 797 1873 quaeque
817 1797 917 1860 creari.
988 1872 990 1876 Ι

199 1966 244 2047 (4)
284 1969 477 2046 Aaaccqorca
495 1969 558 2028 aad
577 1967 624 2027 laia
644 1969 898 2029 ‘ltomocomcrca‘a’

143 2089 235 2148 Nunc
250 2095 282 2148 at
294 2089 491 2166 Anaxagorae
508 2095 675 2147 scrutemur
690 2088 925 2150 homoeomerian
939 2093 997 2151 830

101 2206 192 2263 quam
212 2186 285 2246 Grai
304 2190 471 2245 memorant
488 2205 543 2246 nec
561 2193 664 2245 nostra
683 2186 779 2246 dicere
798 2188 901 2265 lingua

101 2281 239 2340 concedit
254 2281 343 2340 nobis
362 2280 453 2358 patrii
472 2282 615 2339 sermonis
635 2288 757 2358 egestas,

101 2377 154 2437 sed
174 2384 274 2437 tamen
293 2379 388 2455 ipsam
408 2396 470 2435 rem
490 2377 607 2436 facilest
626 2397 772 2455 exponere
791 2378 899 2441 verbis.

100 2476 256 2555 principio,
276 2496 375 2535 rerum
395 2494 483 2553 quom
503 2475 577 2534 dicit
595 2474 840 2551 homoeomerian,

100 2591 168 2630 ossa
186 2572 324 2630 videlicet
343 2591 360 2631 e
380 2573 522 2650 pauxillis
541 2579 632 2650 atque
650 2573 775 2631 minutis
936 2575 995 2636 835

100 2669 216 2728 ossibus
235 2669 285 2727 hic
305 2676 337 2728 et
355 2669 392 2728 de
412 2670 552 2747 pauxillis
571 2674 662 2747 atque
681 2671 807 2731 minutis

99 2767 263 2826 visceribus
284 2768 381 2827 viscus
401 2768 483 2845 gigni
502 2787 692 2846 sanguenque
711 2770 805 2828 creari

99 2863 253 2941 sanguinis
272 2865 353 2924 inter
372 2885 404 2924 se
423 2866 527 2924 multis
547 2865 715 2925 coeuntibu’
735 2867 830 2944 guttis

99 2980 138 3018 ex
158 2960 282 3038 aurique
301 2966 390 3038 putat
408 2962 492 3020 micis
512 2963 671 3021 consistere
692 2982 775 3040 posse

98 3077 206 3117 aurum
226 3062 258 3117 et
278 3058 316 3123 de
335 3059 423 3118 terris
442 3065 551 3118 terram
571 3079 755 3119 concrescere
776 3061 884 3137 parnis,
935 3063 994 3123 840

98 3153 218 3230 ignibus
239 3172 277 3211 ex
297 3154 383 3231 ignis,
404 3174 536 3214 umorem
556 3156 708 3214 umoribus
728 3175 800 3228 esse,
1073 3137 1077 3148 .

98 3256 198 3309 cetera
217 3251 361 3309 consimili
380 3253 467 3328 fingit
486 3252 601 3310 ratione
620 3259 773 3330 putatque.

97 3365 152 3405 nec
174 3352 275 3406 tamen
295 3366 357 3406 esse
378 3348 441 3406 ulla
462 3355 544 3426 parte
564 3348 642 3407 idem
664 3348 697 3407 in
718 3349 806 3407 rebus
825 3349 913 3407 inane
