2198 3764
397 221 623 288 LIBERIII.
907 219 962 289 117ι

62 372 229 452 quamlibet
246 371 372 432 immoni
389 371 523 450 proiectu
543 371 673 449 eorporis
693 378 799 445 exstet

62 470 117 549 qui
135 489 197 530 non
216 469 280 530 sole
300 489 407 542 novem
427 469 568 546 dispessis
586 469 690 546 iugero
708 469 849 528 membtis
955 495 958 501 ¹

62 566 206 643 optineat,
227 565 279 625 sed
299 566 351 644 qui
371 566 463 624 terrei
482 566 579 624 totius
598 566 709 639 orbem,

61 682 123 722 non
143 669 246 722 temen
266 670 421 722 aeternnm
441 663 554 740 poterit
572 662 703 740 perferre
723 663 854 724 delorem
905 664 965 724 090

62 779 118 818 nso
136 760 278 836 praebere
297 759 396 818 eibum
415 760 535 837 proprio
555 759 593 818 de
611 779 732 838 eorpore
751 781 874 839 semper.

63 855 115 914 sed
134 855 239 932 Tityos
259 856 345 914 nobis
364 856 414 914 hio
433 862 488 927 est,
509 856 544 913 in
562 874 661 914 emere
680 857 826 916 iacentem

62 973 153 1031 quem
172 954 308 1012 volueres
328 954 461 1012 lacerent
480 957 570 1030 etque
589 959 674 1012 exest
693 954 801 1012 anxius
820 973 912 1032 ungor

63 1057 118 1111 eut
137 1051 196 1109 elis
216 1051 322 1129 quevis
342 1051 483 1110 scindunt
503 1051 667 1128 cuppedine
686 1069 782 1109 eures.

64 1147 210 1225 Sisyphus
229 1147 264 1205 in
283 1147 350 1205 vite
369 1166 486 1224 quoque
505 1147 591 1206 nobis
610 1151 681 1205 ente
700 1146 800 1206 oeulos
818 1152 866 1205 eet
904 1146 962 1206 995

63 1243 118 1320 qui
136 1248 237 1320 petere
257 1262 276 1300 s
295 1242 405 1319 populo
424 1240 519 1300 insoes
538 1259 698 1318 suevosque
717 1259 834 1300 secures

62 1339 184 1397 imbibit
203 1345 235 1396 et
254 1357 370 1415 semper
388 1338 488 1395 vietus
508 1337 663 1414 tristisque
681 1337 803 1398 recedit.

63 1455 135 1494 nem
148 1442 249 1513 petere
262 1435 419 1512 imperium
428 1434 507 1512 quod
518 1434 637 1492 inanest
649 1453 704 1493 neo
714 1433 806 1492 detur
812 1452 962 1511 umquem,

64 1541 156 1610 etque
168 1534 202 1591 in
215 1553 250 1592 eo
264 1552 380 1609 semper
392 1533 500 1590 durum
515 1532 637 1590 sufferre
649 1531 789 1603 lsborem,

63 1629 121 1688 hoo
141 1637 187 1689 est
206 1629 331 1688 adverso
351 1629 506 1687 nixantem
526 1628 646 1689 trudere
664 1634 766 1686 monte
885 1628 963 1687 1000
1034 1620 1037 1627 ’

64 1747 173 1787 sexium
193 1728 273 1805 quod
292 1734 393 1786 temen
412 1747 427 1785 e
447 1745 562 1785 summo
582 1726 643 1784 iem
662 1728 773 1785 vertice
792 1745 896 1786 rusum

63 1826 200 1884 volvitur
218 1829 251 1884 et
268 1824 353 1901 pleni
371 1823 481 1901 raptim
500 1824 579 1901 petit
597 1841 726 1900 aequore
749 1824 854 1901 oempi

64 1921 173 1981 deinde
193 1921 286 1979 enimi
305 1921 454 1998 ingratam
473 1927 612 1979 naturam
632 1939 750 1996 pusoore
769 1939 885 1998 semper

63 2025 155 2096 utque
174 2018 295 2095 explere
312 2017 399 2075 bonis
419 2019 510 2075 rebus
527 2017 694 2094 satiareque
713 2036 884 2095 numquam,

64 2114 146 2193 quod
165 2114 280 2173 faciunt
298 2113 384 2172 nobis
403 2132 549 2171 annorum
568 2118 712 2191 tempore,
733 2115 843 2174 circum
886 2116 963 2174 1005

64 2232 135 2272 oum
154 2212 280 2270 redeunt
299 2211 437 2288 fetusque
457 2211 561 2271 ierunt
580 2213 736 2290 variosque
756 2213 879 2291 lepores,

63 2331 121 2371 neo
139 2316 242 2371 tumen
261 2308 510 2386 explemusvitoi
529 2308 679 2368 fiuctibus
697 2328 846 2387 umquem,

63 2410 132 2482 boe,
151 2415 188 2467 ut
207 2408 320 2484 opinor,
340 2405 373 2465 id
392 2411 445 2478 est,
468 2424 541 2464 sevo
561 2405 685 2467 florente
704 2408 819 2485 puellas

63 2505 146 2585 quod
159 2511 326 2564 memorent
337 2502 456 2561 letieem
469 2509 625 2579 pestusum
638 2522 793 2581 congerere
805 2504 839 2562 in
851 2523 912 2578 vus,

64 2601 146 2681 quod
165 2608 266 2661 tumen
286 2600 400 2678 expleri
419 2601 504 2658 nulls
523 2600 640 2660 ratione
659 2607 803 2679 potestur.
887 2604 965 2664 1010

64 2699 213 2762 Cerberus
231 2706 263 2759 et
282 2699 380 2758 iuriae
399 2699 460 2757 iem
479 2718 550 2758 vero
570 2704 602 2758 et
621 2699 697 2759 lueis
715 2706 829 2777 egestus

507 2796 528 2834 s

63 2895 208 2956 Testatus
226 2892 388 2954 horriferos
407 2900 545 2954 eructans
565 2895 700 2955 {sumbus
719 2902 827 2969 noetus,

63 2993 119 3072 qui
137 3011 235 3070 neque
253 2997 326 3051 sunt
344 3010 469 3070 usquam
489 3011 545 3050 neo
564 2999 693 3070 possunt
709 3012 774 3052 esse
792 2993 932 3072 proiecto.

64 3090 118 3151 sed
136 3095 235 3148 metus
253 3089 288 3147 in
306 3089 374 3148 sits
391 3107 552 3166 poenorum
572 3107 626 3166 pro
645 3089 724 3148 mele
742 3089 835 3149 foetis

63 3191 113 3246 est
131 3184 299 3263 insignibus
317 3185 451 3262 insignis,
472 3185 648 3263 scelerisque
667 3186 767 3260 helle,
887 3187 965 3247 1015

63 3299 166 3344 euroer
183 3287 216 3340 et
235 3280 386 3340 bonibilis
405 3280 443 3340 de
462 3299 535 3340 sexo
553 3280 644 3341 isetu’
663 3281 810 3351 deorsum,

63 3378 191 3440 verbere
209 3377 362 3437 eemifiees
380 3377 473 3436 robur
490 3378 545 3456 pix
564 3378 706 3438 lsmminu
724 3377 830 3444 tsedue
839 3397 851 3452 ς
