2198 3764
144 199 185 259 50
447 191 457 240 f
496 195 688 258 sconart

145 345 280 405 concedit
299 364 395 422 neque
416 344 587 422 corporibus
607 346 696 402 finem
716 362 780 402 esse
800 330 942 402 secandis.

54 455 55 461 ’
144 460 237 518 quere
256 441 289 498 in
310 445 436 516 utroque
449 439 531 502 ¹mihi
551 438 664 516 pariter
682 439 797 496 5555555
816 437 938 496 videtur
982 437 1044 497 845

145 556 244 595 errare
263 543 353 613 atque
372 535 427 607 illi,
447 554 537 612 supra
557 554 630 612 quos
651 534 781 592 diximus
801 540 880 593 5555.

146 636 221 694 adde
239 634 318 712 quod
338 634 476 693 inbecilla
496 634 586 692 nimis
605 632 766 710 primordia
786 632 874 709 fingit
884 652 894 705 3

147 732 173 790 si
193 731 354 810 primordia
373 737 453 804 sunt,
474 729 564 789 simili
584 749 659 806 quae
678 728 813 806 praedita
833 733 975 787 55555555

146 836 256 887 555555
276 835 366 907 atque
385 829 466 906 ipsae
486 848 534 888 res
555 835 627 887 sunt
645 847 796 906 aequeque
815 827 954 886 laborant

73 990 76 997 ⁴
145 930 180 984 55
198 930 326 1003 pereunt
344 945 440 1004 neque
461 928 500 984 ab
518 927 611 985 exitio
630 945 677 985 res
698 926 761 984 ulla
781 925 921 987 55555555.
984 926 1046 986 850

147 1021 310 1098 namquid
330 1021 364 1080 in
384 1041 525 1099 oppressu
545 1021 645 1081 valido
667 1021 787 1081 durabit
806 1040 917 1093 comm,

147 1124 184 1179 55
203 1125 328 1178 mortem
349 1119 479 1198 effugiat,
502 1119 556 1179 1555
577 1121 633 1178 sub
654 1118 794 1178 dentibus
813 1118 909 1195 ipsisl

147 1217 225 1296 ignis
235 1239 274 1277 an
288 1238 373 1278 umor
382 1240 422 1278 55
435 1220 522 1278 aurel
541 1217 612 1296 quid
627 1218 747 1276 horuml
760 1236 891 1294 sanguen
904 1235 945 1274 an
959 1219 1048 1276 ossa?

147 1315 200 1387 nil,
222 1320 258 1374 55
277 1317 390 1392 opinor,
413 1315 465 1374 ubi
486 1335 524 1374 ex
545 1334 638 1392 aequo
659 1333 707 1373 res
727 1313 863 1372 funditus
884 1313 986 1371 omnis

146 1417 209 1469 tam
223 1412 361 1470 moruelis
370 1412 429 1471 erit
444 1431 532 1489 quam
545 1410 794 1488 quae-manifesta
807 1408 944 1469 videmus
988 1410 1046 1469 855

147 1526 186 1565 ex
206 1507 298 1565 oculis
316 1508 426 1566 nostris
446 1508 547 1584 eliqua
566 1507 598 1565 vi
617 1507 697 1565 victa
718 1506 822 1584 perire

148 1607 182 1660 55
201 1621 297 1680 neque
316 1603 460 1662 reccidere
480 1602 519 1660 ad
539 1603 635 1661 nilum
654 1621 702 1661 res
722 1620 807 1680 posse
826 1619 923 1678 neque
943 1608 1047 1660 antem

148 1717 276 1758 crescere
297 1699 335 1758 de
355 1699 417 1757 nilo
438 1705 532 1758 555555
552 1719 600 1757 res
621 1704 691 1757 5555
712 1699 858 1775 probatus.

148 1802 300 1873 praetcrea
320 1796 459 1874 quoniam
480 1797 562 1855 cibus
583 1803 673 1874 auget
688 1814 799 1872 corpus
821 1795 944 1871 alitque,
1040 1875 1042 1878 ι

78 1877 80 1882 ’
148 1893 222 1951 scire
241 1893 310 1952 licet
331 1893 416 1952 nobis
437 1912 528 1951 venas
549 1897 581 1952 55
601 1912 734 1970 sanguen
755 1898 786 1950 55
807 1911 873 1950 ossa
987 1892 1046 1952 860

148 2001 174 2051 55
192 2011 293 2050 nervos
311 1991 484 2066 alienigenis
504 2011 538 2048 55
552 1991 688 2067 portibus
708 2010 773 2049 esse.

149 2089 212 2149 sive
231 2089 311 2147 cibos
330 2089 426 2147 omnis
445 2089 606 2147 commixto
627 2107 747 2165 corpore
768 2087 869 2146 dicent

149 2205 211 2244 esse
232 2190 262 2244 55
281 2183 388 2243 habere
408 2185 442 2243 in
461 2204 493 2244 se
514 2204 672 2243 nervomm
694 2204 816 2262 corpora
836 2204 931 2261 parva

121 2337 123 2344 .
149 2301 272 2361 ossaque
292 2289 324 2340 55
344 2283 464 2341 omnino
484 2301 576 2340 venas
596 2281 748 2359 paruisque
769 2281 890 2353 cruoris,

149 2379 202 2438 5555
220 2380 266 2437 555
285 2379 368 2437 cibus
389 2380 494 2452 omnis,
510 2383 546 2438 55
566 2379 668 2438 aridus
689 2385 720 2437 55
741 2377 838 2455 liquor
858 2378 932 2455 ipse,

148 2495 187 2534 ex
207 2475 378 2553 alienigenis
397 2475 485 2535 rebus
505 2482 639 2534 constare
658 2480 789 2552 putetur,
986 2475 1045 2535 865

149 2573 264 2632 ossibus
284 2579 316 2631 55
336 2573 436 2630 nervis
456 2573 595 2651 sanieque
616 2578 649 2630 55
669 2572 812 2648 sanguine
832 2570 937 2630 555555.

148 2675 301 2747 praeterea
323 2688 524 2747 quaecumque
543 2689 561 2728 e
581 2680 661 2727 55555
683 2687 806 2745 corpora
825 2673 967 2728 crescunt

149 2767 175 2824 si
195 2766 320 2825 suntin
339 2766 437 2838 terris,
450 2771 567 2825 5555555
591 2770 726 2824 constare
748 2770 897 2824 necessest

149 2882 187 2921 ex
204 2863 385 2939 alienigenis,
406 2881 482 2940 quse
503 2863 592 2922 terris
614 2863 799 2922 exoriuntur.

148 2961 278 3019 transfer
299 2960 381 3032 item,
405 2960 529 3019 totidem
550 2960 649 3018 verbis
670 2965 755 3018 55555
775 2957 885 3017 licebit.
986 2958 1045 3019 870

147 3056 181 3116 in
201 3057 290 3133 lignis
299 3056 338 3124 ,si
354 3057 473 3115 flamma
493 3056 568 3114 15555
588 3056 745 3132 fumusque
764 3053 906 3130 cinisque,

148 3172 187 3211 ex
206 3150 380 3228 alienigenis
401 3152 565 3210 5555555555
584 3151 666 3228 ligne
686 3154 839 3210 necessest.
917 3173 921 3180 ·

149 3248 315 3332 [praeterea
334 3249 424 3308 tellus
443 3268 518 3326 quae
537 3268 659 3326 corpora
681 3267 807 3326 cumque
830 3246 895 3321 alit,
914 3254 1008 3327 auget

148 3367 187 3406 ex
209 3345 390 3423 alienigenis,
408 3365 484 3423 quae
505 3347 590 3419 555νί5
611 3340 811 3426 exoriuntur]
