2198 3764
146 209 164 268 2
499 203 688 266 avom!

145 352 282 412 omnibus
302 351 451 412 incutiens
470 353 614 411 blandum
633 374 687 432 per
707 359 827 431 pectora
847 373 981 415 amorem

144 451 235 511 efficis
255 457 291 509 ub
311 452 417 530 cupide
436 452 601 529 generatim
622 452 718 511 saecla
738 460 913 530 propagent.
1011 457 1050 515 20

144 567 221 626 quae
241 548 380 625 quoniam
400 567 500 608 rerum
519 554 659 607 naturam
679 549 742 608 sola
761 549 912 626 gubernas

144 663 200 702 nec
220 644 284 706 sine
303 651 334 703 to
354 645 512 722 quicquam
531 644 596 702 dias
617 644 650 702 in
670 643 794 704 luminis
815 664 882 703 oras

145 741 279 799 exoritur
298 760 394 818 neque
413 742 450 800 fle
468 741 581 799 laetum
601 760 698 817 neque
718 740 845 800 amabile
865 729 1040 822 quicquam,

145 845 176 897 to
196 837 306 896 sociam
326 837 431 896 studeo
450 838 613 896 scribendis
633 838 771 897 versibus
791 858 855 898 esse

145 955 220 1014 quos
240 955 293 1013 ego
313 936 350 994 de
370 955 469 994 rerum
490 942 600 1015 natura
618 955 747 1014 pangere
767 956 857 995 eonor
1011 939 1050 998 25

82 1054 83 1058 ¹
147 1034 343 1094 Memmiadae
359 1040 470 1108 nostro,
489 1054 578 1112 quom
597 1044 640 1108 tu,
658 1035 724 1108 dea,
746 1040 880 1113 tompore
900 1035 936 1094 in
957 1038 1042 1096 omni

146 1132 284 1191 omnibns
301 1139 441 1191 ornatum
458 1132 580 1191 voluisti
597 1133 741 1192 excellere
758 1133 854 1192 rebus

146 1247 206 1308 quo
225 1228 318 1306 magis
338 1235 492 1287 aeternum
512 1229 550 1288 da
569 1229 668 1303 dictis,
687 1229 767 1304 diva,
783 1230 924 1308 leporem.

355 1375 409 1435 Les
429 1375 479 1434 ier
499 1375 551 1435 ask
570 1376 655 1435 Mara
665 1374 722 1451 for
740 1397 832 1453 peace.

147 1490 228 1550 effice
249 1494 286 1548 ub
308 1489 424 1547 interea
443 1489 505 1546 fera
524 1507 663 1547 moenera
683 1489 804 1547 militiai

146 1604 200 1662 per
219 1585 314 1643 maria
333 1604 367 1642 ac
386 1590 482 1642 terras
503 1583 600 1642 omnis
620 1585 718 1662 sopita
732 1586 902 1662 quiescant.
1014 1588 1051 1648 30

147 1701 217 1740 nam
236 1689 273 1740 tu
292 1681 355 1740 sola
373 1687 458 1758 potes
481 1681 646 1758 tranquilla
665 1701 738 1758 pace
758 1683 862 1741 iuvare
904 1714 907 1719 Δ

146 1776 288 1849 mortalis,
311 1777 451 1854 quoniam
475 1776 549 1833 belli
571 1777 635 1835 fera
658 1797 797 1846 moenera
821 1780 947 1840 Mavors

146 1876 327 1952 armipotens
347 1875 433 1952 regib,
454 1873 487 1932 in
506 1875 652 1952 gremium
672 1875 726 1952 qui
746 1895 834 1952 saepe
854 1883 946 1936 bitum
968 1897 1002 1938 se

147 1972 372 2058 reicib‘aegerno
393 1971 529 2062 devictus
546 1971 670 2062 vylnerp
682 1973 840 2064 amoris„
860 2037 870 2057 x·
894 2027 898 2041 ‚

147 2077 238 2147 atque
261 2070 306 2127 ita
327 2052 491 2146 suspiciens
513 2042 742 2130 ieretscervioe
765 2056 889 2150 reposta
1012 2074 1049 2134 35

147 2168 244 2247 pascit
266 2187 366 2227 amore
387 2167 491 2225 avidos
512 2167 632 2226 inhians
653 2169 686 2226 in
709 2176 750 2243 to,
772 2170 836 2243 dea,
859 2172 955 2246 visus,

147 2284 222 2343 eque
244 2272 297 2323 buo
318 2264 428 2340 pendet
448 2264 581 2341 resupini
602 2265 726 2342 spiritus
744 2285 802 2326 ore.
869 2288 874 2298 ·

147 2363 227 2420 hunc
246 2366 291 2435 tu,
314 2360 392 2432 diva,
416 2365 472 2421 tuo
493 2356 684 2422 recubantem
708 2383 829 2441 corpore
851 2371 961 2424 saneto

148 2460 325 2520 circumfusa
344 2478 441 2536 super,
464 2458 565 2517 suavis
587 2479 626 2518 ex
649 2479 700 2519 ore
722 2460 865 2538 loquellas
916 2487 919 2491 >

147 2557 240 2617 funde
258 2566 362 2635 petens
381 2555 529 2632 placidam
550 2555 703 2629 Romanis,
724 2557 847 2629 incluta,
867 2576 983 2635 pacem.
1012 2558 1049 2618 40

148 2675 218 2714 nam
239 2672 335 2731 neque
358 2671 413 2711 nos
433 2672 521 2729 agere
541 2651 597 2711 hoe
620 2653 730 2729 patriai
751 2661 886 2731 tempore
900 2656 1019 2735 iniquo

148 2770 302 2830 possumus
325 2770 419 2827 aequo
442 2751 543 2808 animo
563 2768 619 2807 nec
639 2749 769 2808 Memmi
791 2751 872 2810 clara
893 2737 1033 2834 propago

149 2849 259 2907 talibus
278 2849 312 2906 in
334 2849 425 2907 rebus
447 2847 599 2906 communi
619 2847 703 2906 desse
726 2847 827 2908 saluti.

290 2941 309 2978 a
390 2941 410 2977 a
492 2942 512 2978 a
592 2941 612 2977 a
692 2942 712 2978 a
793 2942 812 2979 a
895 2941 914 2979 a

150 3065 210 3126 aba
235 3062 561 3142 Saipros-thomiri
583 3061 621 3138 of
641 3062 737 3138 tbinpa
753 3062 841 3139 from
866 3073 968 3128 acm
992 3068 1052 3128 mad

321 3159 397 3218 their
415 3159 573 3217 resolution
591 3158 655 3216 irato
674 3159 750 3216 ticam
768 3160 869 3234 aquia.

149 3276 228 3355 quod
247 3280 388 3353 superest,
405 3293 513 3332 vacuas
530 3272 611 3330 amis
627 3273 819 3350 animumque
836 3293 980 3352 sagacem
1014 3277 1052 3339 ω

148 3379 294 3434 semotum
311 3392 331 3432 a
348 3370 429 3430 curis
447 3369 555 3429 adhibe
574 3387 675 3427 veram
692 3369 730 3429 ad
749 3370 908 3457 rationem,
