2198 3764
97 213 137 274 44
453 213 645 289 suornm

96 364 166 424 inde
186 383 222 424 ea
240 384 316 442 quaa
336 384 428 442 parvo
448 371 521 423 sunt
540 383 663 442 corpora
682 363 841 422 conciliatu

96 467 128 519 et
147 461 232 539 quasi
252 462 389 539 proxima
408 469 480 521 sunt
499 463 537 521 ad
556 462 630 521 viris
649 462 873 540 principiorum,
942 461 1001 520 135

95 557 206 617 ictibus
224 557 344 617 illorum
363 559 456 618 caecis
475 559 595 638 inpulsa
614 559 739 632 cientur,

95 654 218 731 ipsoque
237 672 379 731 proporro
398 656 488 732 paulo
507 657 621 714 maiora
639 656 797 718 lacessunt.

96 751 139 809 sic
158 771 177 809 a
195 751 350 830 principiis
369 752 503 810 ascendit
521 757 621 811 motus
640 761 672 812 et
692 753 756 811 exit

95 848 241 926 paulatim
259 855 377 908 nostros
396 849 434 907 ad
454 868 566 922 sensus,
587 855 623 908 ut
642 857 819 909 moveantur

95 946 148 1006 ills
160 965 286 1024 quoque,
299 947 333 1005 in
349 947 420 1005 solis
432 967 508 1026 quac
525 949 638 1006 lumine
651 968 770 1008 cernere
787 949 909 1027 quimus
940 948 1000 1009 140

96 1063 151 1102 nec
170 1044 278 1123 quibos
296 1043 328 1101 id
347 1044 460 1104 saciant
477 1044 572 1122 plagis
591 1050 715 1122 apparet
733 1053 844 1122 aperta.

98 1204 159 1264 ras
181 1203 304 1281 reon,
321 1177 462 1280 stam
479 1203 566 1264 mus
582 1204 694 1264 amn
709 1205 772 1264 atat
792 1204 830 1281 of
846 1205 893 1264 tu
914 1205 998 1264 suno

136 1321 215 1378 ruys,
232 1301 310 1360 succa
327 1301 392 1376 tlscy
410 1299 455 1380 (1)
469 1299 507 1360 da
523 1310 575 1359 cot
589 1321 661 1378 poss
681 1301 806 1378 tlcrocgls
826 1301 911 1378 Vota,
934 1303 1000 1362 ond

137 1395 183 1475 (2)
196 1389 247 1455 ore
259 1395 394 1473 compleas,
408 1404 459 1455 not
471 1396 581 1472 simple.

136 1526 227 1586 Nunc
246 1545 323 1604 quoe
341 1525 492 1584 mobilitas
511 1525 553 1585 sit
571 1525 688 1586 reddita
706 1527 842 1586 materiai

97 1624 276 1702 corporibus,
298 1624 400 1700 paucis
421 1624 493 1682 licat
512 1624 583 1682 hinc
604 1643 783 1702 cognoscere,
806 1626 944 1686 Memmi

96 1722 227 1800 primum
248 1738 355 1779 aurora
375 1740 453 1780 novo
474 1741 541 1780 cum
563 1725 677 1799 spargit
697 1723 809 1783 lumine
829 1730 930 1782 terras

96 1824 129 1876 et
149 1817 250 1876 variae
271 1818 404 1876 volucres
424 1838 544 1890 nemora
565 1820 633 1878 avis
652 1820 865 1896 pervolitantes
940 1821 999 1881 llo

97 1935 167 1974 aera
184 1936 239 1995 per
256 1921 393 1977 tenerum
412 1919 533 1996 liquidis
553 1917 617 1977 loca
636 1919 758 1976 vocibus
777 1918 910 1994 opplent,

97 2032 187 2091 quam
207 2013 307 2071 subito
327 2012 420 2071 soleat
439 2014 483 2072 sol
503 2020 586 2072 ortus
605 2018 737 2090 tempora
757 2013 813 2071 tali

98 2109 262 2168 convestire
281 2127 337 2167 sua
356 2109 538 2186 perfundans
559 2110 659 2168 omnia
677 2110 752 2182 luce,

97 2205 234 2263 omnibus
253 2204 287 2263 in
307 2211 448 2284 promptu
467 2204 717 2282 manifestumque
737 2223 800 2264 esse
820 2204 970 2266 videmus

98 2308 131 2360 st
150 2302 287 2378 vaporis
308 2321 396 2378 quem
419 2302 463 2360 sol
483 2302 581 2360 mittit
599 2302 757 2380 lumenque
776 2321 917 2362 serenum
930 2305 1001 2364 -150

97 2418 158 2456 non
177 2398 339 2477 perinane
360 2402 440 2456 meat
458 2416 603 2471 vacuum3
623 2417 683 2475 quo
702 2398 818 2457 tardius
837 2399 884 2459 ire

98 2494 222 2572 cogitur,
244 2493 339 2552 aerias
360 2492 446 2570 quasi
466 2493 538 2551 dum
558 2492 727 2552 diverberet
746 2494 850 2555 undas

97 2610 152 2649 nec
171 2589 344 2668 singillatim
365 2588 538 2667 corpusculo
556 2607 689 2666 quaeque
708 2589 827 2666 vaporis

98 2688 150 2748 aad
170 2689 324 2765 complexa
343 2693 446 2746 meant
464 2687 545 2746 inter
564 2706 597 2746 se
616 2705 729 2765 conque
749 2686 891 2763 globata3

98 2792 278 2864 quapropter
296 2786 385 2844 simul
404 2786 484 2844 inter
503 2804 535 2844 se
553 2784 748 2843 retrahuntur
766 2792 799 2843 et
818 2791 909 2845 extra
940 2786 1000 2846 155

99 2883 277 2957 officiuntur,
297 2883 345 2941 uti
364 2887 507 2958 cogantur
525 2881 642 2940 tardius
661 2881 712 2942 iro

99 2987 133 3039 st
151 2999 227 3058 quae
246 2986 318 3038 sunt
337 2978 431 3038 solida
449 2977 610 3056 primordia
629 2978 830 3056 simplicitate,

100 3096 167 3136 cum
187 3096 240 3153 per
259 3076 348 3134 inane
367 3080 468 3133 meant
486 3092 614 3131 vacuum
633 3092 688 3132 nec
707 3093 755 3132 res
774 3081 946 3134 remoratur

99 3175 162 3234 ulla
181 3173 255 3232 ioris
274 3177 364 3248 utque
383 3171 456 3248 ipss,
477 3170 539 3228 suis
558 3187 576 3228 o
595 3170 731 3247 partibus
750 3187 819 3240 una,

100 3290 194 3329 unum
212 3269 246 3327 in
264 3285 354 3343 quem
372 3284 492 3343 coepere
510 3266 607 3324 locum
627 3265 735 3324 conixa
753 3265 905 3341 feruntur,
942 3268 1001 3330 loo

100 3365 210 3426 debent
228 3362 370 3422 nimirum
389 3362 565 3439 praecellere
584 3361 750 3420 mobilitate
