2198 3764
128 210 147 272 8
485 201 674 265 LUORM'I

126 353 271 432 paulatim
293 356 438 424 crescunt,
460 356 497 410 ut
517 370 572 428 per
593 354 648 422 est,
670 353 887 422 temperarem

126 471 172 510 res
191 449 333 526 quonium
352 438 481 509 orarunt
500 447 597 508 omncs
616 448 651 507 dc
672 447 784 505 semine
803 451 892 514 certo,

127 551 347 623 crescentesque
366 548 459 622 'genus
478 553 613 619 servent5
636 550 672 602 ut
691 562 812 602 noscere
831 538 928 619 possis
973 539 1031 599 190

128 645 254 722 quicque
277 663 331 702 suu
353 644 390 702 de
411 644 536 702 materia
557 643 750 720 grandescere
773 641 881 717 dique.

112 741 188 815 >huc
209 740 323 798 accedit
343 739 390 798 uti
410 739 475 798 sino
498 739 587 798 certis
609 739 756 796 imbribus
774 738 847 795 suni

102 827 112 868 1
129 839 271 898 laetificos
293 841 423 915 nequest
444 837 524 896 fotus
545 837 722 896 submittere
743 835 833 894 tellus

130 956 185 996 neo
207 955 296 1014 porro
317 942 430 995 secrete
453 936 519 994 oibo
540 941 650 994 natura
673 935 860 993 animantum

131 1055 293 1114 propsgsre
312 1055 405 1114 genus
427 1037 523 1113 possit
545 1036 698 1112 vitamque
718 1035 815 1108 tueri3
974 1031 1033 1092 195

132 1139 169 1193 ut
188 1134 289 1212 potins
311 1135 414 1193 multis
435 1134 603 1193 communis
623 1153 746 1211 corporo
767 1133 855 1193 rebus

132 1230 229 1289 mults
249 1237 338 1308 putes
360 1249 432 1303 esse,
453 1236 490 1289 ut
519 1231 619 1289 verbis
641 1230 787 1289 elemento.
808 1228 954 1300 videmus,

132 1347 222 1405 quem
244 1328 310 1386 sine
332 1327 486 1405 principiis
506 1328 599 1387 ullum
621 1347 684 1386 rem
707 1327 835 1386 existere
857 1344 952 1403 posse.

133 1425 260 1502 denique
283 1443 336 1482 cur
356 1424 490 1483 homines
513 1430 614 1483 tantos
633 1430 743 1483 natura
766 1442 870 1502 parare

134 1541 195 1580 non
207 1520 316 1598 potuit,
330 1520 455 1596 pedibus
468 1521 520 1599 qui
533 1517 658 1599 pontum
671 1541 725 1599 per
738 1522 814 1580 vedu
826 1524 950 1599 possent
975 1519 1035 1578 200

134 1617 261 1676 transire
282 1623 314 1675 et
334 1617 456 1694 magnos
479 1619 616 1678 manibus
637 1619 778 1677 divellere
803 1616 915 1676 montis

135 1701 287 1790 multaque
308 1712 435 1772 vivendo
460 1714 563 1773 vitulis
586 1715 705 1785 vincere
727 1714 831 1786 saeclo,
894 1712 896 1714 ’

136 1811 164 1870 si
180 1815 245 1869 non
263 1810 400 1868 materies
423 1812 494 1888 quis
515 1813 603 1871 rebus
624 1813 741 1871 reddite
758 1816 868 1871 certast

136 1907 296 1986 gignundis
315 1927 334 1965 e
356 1926 416 1984 qun
437 1913 554 1967 constat
575 1909 648 1986 quid
669 1910 764 1987 possit
786 1909 879 1969 oririi
964 1899 967 1905 ’

137 2006 182 2064 nil
202 2005 378 2082 igiturfieri
400 2005 438 2065 de
457 2007 519 2066 nilo
540 2027 625 2085 posse
646 2008 840 2082 fatendumst,
979 1983 1037 2069 205

137 2099 249 2158 semine
269 2099 387 2175 quando
407 2119 481 2177 opus
503 2107 549 2158 est
569 2103 658 2160 rebus
681 2122 740 2179 quo
762 2121 896 2180 quaeque
919 2109 1038 2162 creatae

138 2196 215 2255 seris
236 2197 270 2256 iu
290 2203 408 2256 teneros
431 2197 546 2274 possint
566 2198 726 2274 proferrier
746 2218 840 2259 surus

90 2301 286 2370 [Apostremo
307 2291 447 2369 quonism
468 2291 591 2351 incultis
611 2298 762 2370 proestare
786 2294 923 2352 videmus

139 2390 221 2448 culte
241 2388 305 2447 loos
325 2394 358 2447 et
378 2388 514 2447 munibus
535 2389 665 2447 melioris
687 2389 810 2448 reddere
831 2389 922 2463 fetus,

139 2505 203 2546 esse
225 2485 365 2544 videlicet
386 2484 420 2543 in
443 2486 531 2544 terris
551 2485 714 2562 primordio
734 2505 834 2545 rerum
982 2487 1041 2546 210

140 2603 216 2662 quse
236 2581 454 2641 nos¹>iecundss
474 2587 627 2641 vertentes
649 2601 767 2641 vomere
789 2583 891 2659 glebas

141 2679 289 2756 terraique
311 2678 407 2737 solum
431 2678 601 2755 subigentes
622 2679 717 2736 cimus
737 2677 777 2736 sd
797 2683 887 2738 ortus.

141 2775 221 2853 quod
241 2775 269 2834 si
289 2774 373 2832 nullu
396 2773 504 2845 forent,
529 2781 631 2833 nostro
655 2775 719 2833 sine
740 2793 874 2851 quaeque
895 2773 1001 2834 labore

142 2876 247 2948 sponte
268 2889 322 2928 sus
345 2869 441 2928 multo
462 2870 528 2928 fieri
551 2869 674 2929 meliors
695 2870 820 2932 videres

143 3040 258 3101 Second.
286 3039 359 3099 Lac
391 3038 428 3116 os
454 3040 578 3103 ruarmo.
634 3041 764 3117 Notbiup
796 3039 824 3102 is
856 3040 985 3103 reduced
1018 3049 1046 3101 to

397 3135 528 3212 nothing.
568 3135 651 3195 Foru·
668 3135 778 3213 prooss.

148 3242 152 3300 1
185 3249 257 3308 Ηο0
270 3247 384 3307 secedit
397 3249 444 3308 uti
456 3251 582 3327 quicque
595 3251 628 3308 iu
640 3268 695 3308 sus
708 3267 829 3327 corpora
842 3267 967 3308 rursum
989 3249 1047 3309 215

145 3343 290 3404 dissoluat
312 3350 421 3402 nature
444 3364 541 3423 neque
564 3345 723 3421 sdgnilum
743 3346 905 3405 interemat
926 3364 986 3405 res.
