2198 3764
140 196 179 260 74
492 201 682 266 auocari

137 346 213 405 haut
232 346 325 424 igitur
344 346 455 408 debent
473 369 536 410 esse
555 351 619 410 ullo
638 350 773 430 praedita
793 370 893 413 sensu.

177 445 315 524 Denique
334 447 382 506 nti
401 449 517 525 possint
536 451 647 509 sentire
667 451 807 509 animalia
826 470 976 530 quaeque,

137 545 292 623 principiis
310 547 337 605 si
356 547 416 605 iam
436 553 483 606 est
502 567 605 607 sensus
625 547 801 606 tribuendus
821 567 939 622 eorum,

137 643 219 720 quid,
232 662 326 720 genus
344 645 512 703 humanum·
524 644 682 724 propritim
700 646 737 705 de
755 646 858 723 quibu'
875 646 1041 706 factumstl

136 740 251 799 seilicet
269 749 301 800 et
320 743 383 800 risu
402 742 530 802 tremmo
549 762 690 801 concussa
708 743 890 802 cachinnant
983 745 1040 805 976

136 844 168 897 et
187 838 317 897 lacrimis
336 845 480 917 spargrmt
499 840 669 898 rorantibus
687 858 741 898 ora
758 859 911 918 genasque

136 936 290 1015 multaque
310 936 347 996 de
366 956 466 995 rerum
485 937 619 996 mixtura
639 935 736 995 dicere
756 937 868 996 callent

134 1040 168 1092 et
186 1033 245 1092 sibi
264 1051 405 1112 proporro
424 1052 499 1111 quae
519 1034 582 1093 sint
600 1034 763 1112 primordia
782 1041 934 1112 quaerunt
942 1054 954 1112 ς

134 1131 373 1209 quandoquidem
392 1133 466 1192 totis
485 1132 661 1191 mortalibus
680 1132 860 1191 adsimulata
981 1134 1038 1194 980

134 1229 201 1307 ipsa
219 1249 336 1309 quoque
355 1251 395 1290 ex
414 1230 481 1290 aliis
501 1231 611 1291 debent
631 1238 765 1290 constare
784 1232 952 1308 elementis,

134 1328 206 1388 inde
225 1330 285 1388 alia
303 1349 343 1388 ex
362 1330 437 1402 aliis,
457 1349 604 1406 nusquam
625 1329 784 1388 consistere
803 1335 841 1388 ut
858 1332 958 1392 ausis:

135 1426 245 1504 quippe
264 1447 378 1505 sequar,
400 1425 605 1504 quodcumque
623 1426 707 1505 loqui
726 1427 881 1504 ridereque
902 1428 987 1487 dices

135 1528 167 1581 et
187 1542 296 1600 sapere,
318 1542 357 1581 ex
376 1523 444 1581 aliis
463 1524 565 1583 eadem
585 1523 659 1582 haec
678 1523 857 1583 facientibus
873 1531 917 1587 ⁴ut
935 1529 988 1587 sit

135 1619 215 1696 quod
234 1620 261 1678 si
280 1620 374 1677 delira
392 1619 465 1678 haec
485 1620 654 1698 furiosaque
674 1621 821 1680 cernimus
840 1640 906 1682 esse
981 1625 1037 1684 985

135 1723 168 1776 et
186 1716 283 1775 ridere
302 1722 402 1796 potest
420 1737 482 1776 non
500 1738 540 1777 ex
559 1718 719 1777 ridentibu'
739 1717 838 1778 factus

135 1821 168 1874 et
185 1833 288 1893 sapere
308 1821 340 1873 et
359 1815 454 1874 doctis
473 1817 620 1875 rationem
639 1817 762 1876 neddere
782 1816 871 1876 dictis

134 1929 197 1970 non
216 1931 255 1970 ex
273 1910 436 1971 seminibus
455 1913 640 1990 sapientibus
659 1918 749 1990 atque
768 1913 898 1988 disertis,

136 2007 189 2086 qui
207 2008 307 2067 minus
326 2027 389 2067 esse
405 2006 520 2086 queant
538 2030 574 2069 ea
593 2029 669 2087 quae
689 2002 800 2069 sentire
819 2010 962 2072 videmus

136 2106 298 2165 seminibus
317 2106 467 2184 permixta
486 2109 656 2167 carentibus
676 2109 807 2187 undique
826 2112 939 2171 sensul
980 2112 1039 2171 990

135 2281 177 2341 Io
186 2279 263 2340 what
272 2300 349 2340 serso
359 2280 465 2340 laeoocn
475 2280 502 2340 ie
511 2281 674 2359 oarfotbcr
683 2282 748 2341 aad
755 2282 836 2341 cortic
847 2303 907 2342 ocor
915 2285 1036 2344 mother.

175 2391 313 2470 Denique
333 2392 453 2450 caelesti
472 2411 575 2452 sumus
594 2412 696 2452 omnes
716 2392 828 2452 semine
846 2393 992 2469 oriundi3

135 2490 272 2548 omnibus
292 2488 343 2547 ille
361 2488 441 2547 idem
461 2495 547 2566 pater
565 2496 620 2562 est,
641 2489 721 2548 unde
741 2489 820 2548 alma
839 2490 990 2569 liquentis

134 2586 246 2644 umoris
265 2588 367 2662 guttas
386 2590 482 2642 mator
501 2603 568 2643 cum
588 2591 670 2643 terra
689 2585 810 2662 recepit,

134 2682 198 2742 feta
216 2685 298 2762 parit
316 2683 428 2742 nitidas
446 2682 547 2759 fruges
566 2682 746 2760 arbustaque
765 2681 844 2740 laeta

135 2783 167 2836 ot
183 2797 277 2854 genus
294 2778 465 2853 humanum,
484 2778 565 2856 parit
582 2778 682 2837 omnia
698 2778 795 2837 saecla
812 2778 959 2854 fernum,
980 2781 1036 2842 995

134 2874 244 2951 pabula
263 2893 332 2932 cum
350 2874 474 2952 praebet
492 2875 600 2951 quibus
619 2893 721 2933 omnes
740 2893 864 2951 corpora
882 2884 1015 2954 pascunt

135 2975 167 3030 ct
186 2968 302 3028 dulcem
322 2972 437 3029 ducunt
455 2970 550 3029 vitam
570 2972 740 3049 prolemque
759 2978 949 3050 propagant3
975 2985 977 2990 '

80 3077 93 3102 ⁶
134 3070 316 3143 quapropter
334 3068 441 3126 merito
460 3073 627 3127 maternum
646 3087 756 3127 nomen
774 3068 885 3145 adepta
904 3077 963 3133 est

135 3163 215 3221 cedit
233 3162 306 3219 item
325 3167 415 3236 retro,
436 3161 473 3221 de
493 3168 574 3222 terra
592 3163 672 3240 quod
690 3162 752 3222 fuit
770 3168 850 3235 ante,

134 3259 168 3316 in
187 3263 290 3329 terras,
311 3263 344 3315 et
362 3258 441 3334 quod
460 3256 613 3317 musumst
631 3276 671 3317 ex
690 3255 820 3316 aetheris
840 3257 913 3332 oris,
960 3260 1034 3322 1000

134 3352 167 3410 id
186 3371 305 3411 rursum
324 3353 398 3411 caeli
416 3353 555 3411 rellatum
574 3353 687 3432 templo
705 3358 870 3430 receptant.
