2198 3764
457 208 588 271 Meua
614 208 642 271 Ι.
959 211 997 272 15

138 377 266 498 utraqu
286 421 340 481 Irae
360 420 427 480 been
446 419 515 478 said
534 428 563 478 to
579 427 636 495 pet
655 439 715 494 pou
735 437 774 478 on
793 417 839 477 tlte
859 416 947 479 tract

139 543 336 620 Quapropter,
358 541 495 618 quamvis
515 540 665 599 causando
685 540 782 598 multe
801 541 933 616 moreris,

98 659 162 698 esse
181 640 215 697 in
235 640 324 698 rebus
343 638 433 698 inane
453 644 555 696 tamen
574 637 690 697 fateare
709 644 864 697 necessest

99 740 252 816 multaque
271 743 425 816 praeterea
444 737 502 795 tibi
521 756 641 814 possum
661 737 917 796 commemorando
937 737 997 797 400

99 844 276 915 argumenta
295 837 384 896 fidem
404 835 494 895 dietis
513 835 673 894 eouradere
692 836 813 896 nostris.

99 955 204 994 verum
223 935 324 993 animo
343 934 417 992 satis
435 933 509 992 haee
528 933 656 1011 vestigia
674 954 770 1012 parva
788 934 889 1012 sagari

98 1049 172 1094 sunt
190 1053 244 1111 per
263 1052 339 1110 quae
358 1032 453 1109 possis
472 1050 645 1109 eognoseere
665 1028 763 1091 cetera
782 1038 856 1092 tute.

98 1150 227 1208 namque
247 1149 335 1188 sanes
354 1136 391 1188 ut
410 1130 599 1207 montivagae
619 1149 760 1208 persaepe
780 1129 858 1189 terei

98 1230 222 1288 naribus
241 1228 401 1287 inveniunt
419 1228 547 1286 intectas
567 1227 675 1286 fronde
694 1227 819 1305 quietes,
938 1227 997 1288 405

98 1345 167 1384 eum
186 1324 278 1383 semel
297 1325 476 1382 irmtiterunt
494 1324 623 1401 vestigia
643 1329 727 1382 eerta
745 1323 816 1400 viai,

98 1423 141 1482 sie
161 1423 222 1480 alid
243 1442 281 1481 ex
300 1422 359 1480 alio
379 1441 434 1498 per
452 1427 483 1480 te
503 1426 570 1480 tute
590 1421 656 1498 ipse
675 1420 795 1480 videre

97 1520 211 1580 talibus
231 1521 265 1578 in
284 1522 373 1579 rebus
392 1519 504 1597 poteris
524 1539 682 1598 caecasque
702 1519 833 1580 latebras

97 1617 250 1676 insinuare
270 1617 367 1676 omnis
386 1627 419 1675 et
438 1636 542 1675 verum
562 1617 735 1694 protrahere
755 1617 835 1677 inde.

97 1714 179 1792 quod
199 1714 225 1772 si
245 1715 371 1791 pigraris
390 1715 551 1792 paulumve
570 1717 726 1774 recesseris
745 1717 784 1775 ab
804 1736 846 1789 re,
936 1718 997 1777 410

97 1813 154 1870 hoe
173 1812 231 1870 tibi
251 1812 288 1870 de
307 1812 396 1889 plano
415 1831 534 1890 possum
555 1814 738 1890 promittere,
759 1814 902 1876 Memmi:

97 1927 192 1985 usque
212 1908 285 1967 adeo
305 1909 401 1985 largos
421 1909 546 1968 haustus
566 1929 583 1969 e
602 1910 731 1969 fontibu'
750 1910 866 1988 magnis

97 2005 202 2081 lingue
221 2024 287 2064 meo
306 2007 408 2065 suavis
427 2007 485 2064 diti
505 2006 542 2066 de
562 2015 682 2085 pectore
705 2009 822 2082 tundet,

98 2111 136 2162 ut
156 2122 259 2162 verear
278 2123 318 2163 ne
336 2104 424 2162 tarda
443 2105 528 2182 prius
547 2125 601 2183 per
619 2107 752 2165 membra
772 2111 908 2165 eeneetus

97 2208 199 2277 serpat
219 2200 304 2258 etin
321 2200 408 2258 nobis
428 2200 506 2258 vitai
525 2202 655 2260 claustra
674 2203 813 2276 resolvat,
936 2201 995 2260 415

97 2318 189 2376 quam
210 2297 266 2356 tibi
285 2298 323 2357 de
342 2298 448 2375 quavis
468 2319 530 2358 una
548 2319 581 2358 re
601 2301 736 2359 versibus
756 2299 854 2359 omnis

97 2399 342 2471 argumentorum
362 2395 403 2453 sit
422 2395 507 2473 copie
526 2397 618 2455 missa
637 2417 690 2475 per
709 2397 798 2456 auris.

248 2569 333 2647 Body
352 2570 414 2628 aad
431 2569 505 2630 Void
523 2569 642 2630 include
662 2569 705 2629 aa
718 2571 844 2631 Nattae.

139 2693 199 2753 Sed
219 2713 300 2752 nuno
319 2699 356 2750 ut
374 2700 506 2770 repetam
526 2700 663 2771 coeptum
682 2699 837 2772 pertexere
856 2693 953 2770 dietis,

99 2791 197 2849 omnis
216 2796 252 2850 ut
271 2796 318 2849 est
336 2791 430 2868 igitur
449 2810 502 2868 per
524 2810 555 2850 se
575 2798 684 2850 natura
704 2792 820 2851 duabus

99 2887 236 2947 constitit
254 2888 288 2946 in
307 2889 413 2961 rebus;
432 2907 503 2946 nam
523 2906 647 2965 eorpora
666 2894 738 2946 sunt
757 2894 789 2946 et
808 2889 906 2961 inane,
935 2887 995 2947 420

98 2986 172 3044 haee
191 2985 225 3043 in
244 3004 304 3062 quo
323 2985 382 3043 sita
401 2990 474 3043 suut
492 2989 525 3042 et
543 3005 603 3063 qua
622 2985 741 3043 diversa
759 2990 925 3044 moventur.

99 3099 207 3158 eorpus
226 3081 306 3139 enim
325 3100 379 3158 per
398 3099 430 3139 se
449 3081 614 3138 eommunis
633 3080 752 3140 dedicat
771 3101 835 3140 esse

98 3198 219 3253 sensus3
240 3179 289 3236 eui
309 3179 368 3236 nisi
387 3179 484 3256 prima
503 3179 576 3237 fides
596 3178 725 3237 fundata
744 3179 865 3255 valebit,

98 3277 175 3336 haut
194 3275 254 3334 erit
272 3276 398 3334 oeeultis
417 3276 454 3334 de
474 3277 563 3334 rebus
582 3295 641 3354 quo
660 3277 823 3336 referentes

99 3376 274 3436 confirmare
293 3373 387 3433 animi
405 3374 564 3452 quicquam
583 3373 700 3434 ratione
719 3393 869 3454 queamus.
934 3374 994 3433 425
