2198 3764
136 213 195 274 110
471 256 474 264 «
488 209 682 274 LUORM'I

135 368 292 442 ermetem
307 360 487 420 immortalis
505 363 644 421 mortalia
662 363 798 421 membra

135 463 292 520 innumero
311 475 435 518 numero
454 466 625 538 certamque
643 467 918 539 praeproperanter

135 559 216 616 inter
235 575 267 616 ae
286 576 362 634 quae
381 556 478 634 prima
496 557 709 635 potissimaque
728 557 921 631 insinuetur3
992 556 1047 620 780

137 655 164 712 si
182 672 244 711 non
263 653 341 711 forte
359 652 405 710 ita
423 657 496 711 sunt
515 653 683 712 animarum
702 652 824 712 foedera
844 661 941 731 pacta

105 796 115 809 .
137 757 175 811 ut
189 770 269 828 quae
288 750 385 828 prima
403 749 508 808 volans
527 751 685 810 advenerit
702 750 878 810 insinuetur

138 850 235 927 prima
253 868 350 927 neque
369 848 450 907 iuter
468 868 499 907 se
517 849 705 908 contendant
722 849 840 908 viribus
860 849 973 909 hilum.

140 1013 251 1095 (xxvii)
271 1011 658 1088 Eoetttmpliaeaplaee.
708 1011 1048 1089 Theeoulhasafimd

214 1113 347 1190 position
362 1111 457 1170 iustis
477 1111 521 1170 zu
541 1111 623 1186 body.
667 1109 753 1192 (800)
773 1111 891 1171 Mortui
911 1113 980 1173 and
996 1113 1047 1172 ies·

219 1210 328 1272 morial
340 1210 427 1270 could
439 1218 489 1269 not
502 1210 670 1269 immoratae
683 1231 718 1270 ae
730 1210 797 1270 seul
807 1212 875 1270 und
885 1211 967 1289 body
979 1212 1024 1272 de.

180 1334 318 1412 Denique
331 1334 364 1392 in
377 1332 571 1415 aetherenon
584 1334 681 1422 arbof,
695 1352 758 1391 non
770 1353 902 1412 aequore
916 1334 953 1394 in
966 1335 1027 1394 alto

140 1417 318 1491 nubes'esse
338 1417 454 1507 queunt
472 1447 531 1515 neo⁵
547 1429 642 1506 pisoes
661 1429 764 1488 vivere
783 1429 817 1487 in
837 1430 925 1490 arvis
961 1498 964 1505 ¹
992 1430 1047 1491 785

140 1549 196 1588 neo
215 1547 302 1587 eruor
320 1527 354 1585 in
373 1527 463 1604 lignis
482 1527 678 1611 nequesaxis
698 1546 786 1586 sucus
805 1527 916 1588 inesse.

141 1631 256 1686 eertum
276 1643 310 1683 ao
329 1624 536 1700 dispositumst
554 1625 608 1682 ubi
627 1624 765 1702 quicquit
782 1631 901 1684 creseat
918 1631 952 1686 et
967 1626 1047 1687 insit

141 1717 191 1783 sie'
204 1722 297 1781 enimi
315 1727 425 1778 natura
444 1721 550 1798 nequit
568 1721 632 1780 sine
652 1739 773 1798 corpore
793 1721 869 1780 oriri

141 1821 205 1880 sola
223 1839 320 1897 neque
339 1838 358 1877 a
377 1810 478 1877 nervis
497 1825 529 1877 et
548 1819 692 1896 sanguine
711 1819 842 1896 longiter
861 1839 938 1880 esse.

142 1918 222 1997 quod
235 1920 260 1977 si
274 1917 385 1997 (posset
397 1917 477 1976 enim
490 1916 586 1976 multo
598 1915 695 1996 prius)
708 1916 774 1994 ipsa
787 1917 884 1974 animi
898 1919 950 1978 vie
994 1916 1049 1980 790

141 2015 176 2075 in
195 2016 292 2093 eapite
311 2021 364 2073 aut
383 2013 494 2072 umeris
514 2019 569 2071 aut
587 2013 656 2071 imis
675 2013 805 2072 calcibus
826 2032 894 2072 esse

71 2152 73 2156 ι
142 2120 242 2193 posset
260 2118 294 2172 et
311 2110 426 2171 innaaei
445 2112 551 2190 quavis
570 2111 604 2169 in
622 2119 717 2188 parte,
734 2098 849 2169 vsoleret

141 2211 264 2270 tandem
277 2209 310 2267 in
323 2210 425 2268 eodem
437 2207 558 2266 homine
570 2212 661 2285 atque
673 2207 707 2264 in
721 2207 823 2266 eodem
834 2227 910 2268 vose
920 2227 1049 2268 manere

143 2310 223 2388 quod
242 2308 382 2386 quoniam
402 2314 505 2366 nostro
524 2326 642 2384 quoque
660 2311 779 2365 oonstat
796 2324 924 2383 corpore
938 2315 1051 2367 eertum

143 2408 377 2487 dispositumque
390 2407 511 2465 videtur
525 2406 577 2465 ubi
590 2425 653 2465 esse
673 2411 706 2464 et
720 2424 851 2464 creseere
868 2409 973 2483 possit
996 2408 1050 2468 795

143 2526 258 2567 sorsum
276 2506 376 2563 anima
393 2509 483 2582 atque
501 2504 627 2577 enimus,
641 2508 729 2561 tanto
746 2502 841 2578 magis
854 2502 1051 2564 infitiandum

144 2595 242 2662 totum
261 2620 347 2680 posse
366 2605 454 2659 extra
473 2617 579 2676 eorpus
598 2599 708 2657 durare
727 2598 862 2675 genique

81 2750 86 2760 .
144 2719 244 2780 quare,
261 2717 367 2776 eorpus
386 2697 440 2756 ubi
459 2696 585 2769 interiit,
606 2695 729 2774 periisse
748 2704 902 2756 necessest

144 2791 301 2858 confiteare
320 2795 451 2855 animam
472 2795 646 2854 distractam
665 2794 699 2852 in
719 2812 840 2870 corpore
860 2802 939 2858 toto.

144 2895 254 2973 quippe
274 2893 385 2952 etenim
404 2892 529 2951 mortale
548 2898 669 2951 aeterno
688 2892 810 2969 iungere
824 2897 857 2951 et
877 2913 944 2954 una
997 2894 1051 2956 800

145 2993 312 3052 consentire
331 2998 437 3069 putare
457 2997 488 3050 et
507 2990 595 3068 iungi
613 2995 720 3048 mutua
739 3008 826 3067 posse

145 3091 307 3168 desiperest
312 3108 321 3162 3
341 3089 414 3167 quid
434 3089 514 3148 enim
535 3075 686 3148 diversius*
702 3107 765 3146 esse
785 3078 994 3165 putandumst

145 3172 200 3249 sut
218 3187 312 3264 magis
331 3187 412 3245 inter
430 3205 462 3245 se
475 3185 662 3246 disiunctum
682 3185 953 3266 discrepitensque,

146 3305 235 3365 quem
255 3283 379 3342 mortale
399 3283 479 3360 quod
498 3290 546 3343 est
565 3282 719 3342 inmortali
738 3289 831 3360 atque
852 3287 986 3361 perenni

146 3385 282 3444 iunctum
301 3379 335 3439 in
353 3379 479 3439 oonoilio
499 3398 601 3440 saevas
620 3381 748 3440 tolerare
768 3381 976 3458 procellosi*
996 3381 1045 3446 805
