2198 3764
402 213 536 275 unare
559 214 625 276 nr.
707 170 709 177 ¹
900 216 957 278 109

57 360 204 439 'cornigeri
223 361 375 421 incursum
393 365 475 425 cervi
493 369 692 441 tremeretque
712 383 765 440 par
784 382 871 422 auras

57 457 135 516 aeris
154 457 296 534 accipiter
314 457 433 534 fugiens
452 459 592 518 veniente
611 459 756 532 columbe,

56 555 227 632 desiperent
245 555 389 628 homines,
409 561 549 634 saperent
568 555 633 615 iera
653 556 749 615 saecla
768 556 908 620 ferarum.

57 650 134 708 illud
153 651 235 710 enim
253 651 330 710 ialsa
348 651 447 715 fertur
465 654 590 727 ratione,
611 652 692 731 quod
711 653 800 713 aiunt

57 748 247 806 inmortalem
267 748 400 808 animam
420 755 538 809 mutato
557 771 679 828 corpore
699 751 787 815 flecti.
898 752 957 815 ⁷55
984 802 989 809 .
1052 754 1054 763 ’

59 845 139 922 quod
159 852 294 905 mutetur
314 846 393 906 enim
414 847 598 918 dissolvitur,
618 848 725 908 interit
745 867 814 927 ergo
825 869 846 924 3.
952 921 954 927 Ι

57 943 242 1002 traiciuntur
261 944 341 1003 enim
360 950 461 1022 partes
481 952 572 1023 atque
592 946 695 1005 ordine
715 947 865 1025 migrant;

58 1061 151 1119 quare
170 1040 295 1100 dissolui
313 1041 560 1119 quoquedebent
580 1063 664 1122 posse
683 1063 737 1121 per
756 1051 848 1116 artus,

60 1137 189 1214 denique
207 1144 244 1195 ut
262 1137 413 1197 intereant
433 1157 493 1196 una
513 1158 580 1197 cum
601 1158 721 1216 corpore
741 1145 873 1201 cunctere.

60 1263 150 1356 (xxv)
189 1273 282 1351 Iftltc
294 1275 359 1334 sorel
371 1275 398 1335 ie
412 1275 563 1336 immortci
578 1277 644 1336 arrd
659 1277 770 1354 always
784 1297 885 1356 pasees
897 1278 960 1337 into

142 1392 184 1431 on
196 1370 373 1431 individuol
388 1370 426 1448 of
435 1371 479 1431 rte
496 1392 575 1432 corne
591 1373 704 1451 speeies,
723 1373 830 1451 colmie
847 1382 898 1433 not
916 1374 961 1433 rte

104 1488 108 1495 “
142 1468 197 1526 coli
216 1487 251 1526 ac
269 1468 339 1527 wisc
357 1487 392 1527 aa
412 1467 457 1526 tte
477 1467 579 1528 dorae?
620 1468 661 1545 Is
669 1469 693 1527 it
712 1488 807 1546 grocoe
825 1469 896 1528 utet
916 1461 962 1528 tlte

131 1564 220 1643 'body
233 1565 258 1623 it
270 1564 298 1623 ie
311 1564 384 1623 torre
396 1564 467 1624 sciit
480 1564 511 1624 it.

62 1672 110 1729 sin
130 1670 245 1728 animas
264 1670 418 1728 hominum
438 1670 539 1730 dicent
558 1669 591 1728 in
611 1690 733 1750 corpore
753 1691 868 1750 semper
902 1673 961 1733 760

61 1771 106 1828 ire
126 1769 265 1842 humana,
285 1775 387 1828 temen
407 1789 548 1848 quaeram
567 1791 622 1830 our
641 1791 659 1831 c
678 1771 806 1849 sapienti

62 1869 158 1928 stulta
176 1876 266 1945 queat
285 1868 359 1942 fieri,
380 1888 435 1927 nec
455 1870 585 1946 prudens
605 1869 646 1929 sit
664 1889 740 1948 puer
758 1871 839 1930 ullus

61 1986 118 2025 neo
137 1972 201 2024 tem
221 1967 325 2025 doctus
344 1985 437 2044 equae
457 1968 558 2045 pullus
578 1987 667 2044 quam
687 1968 775 2027 fortis
795 1969 867 2046 equi
883 1969 938 2030 vis.

63 2061 177 2121 scilicet
195 2062 228 2121 in
248 2068 351 2121 tenero
370 2070 552 2129 tenerascere
572 2084 692 2143 corpore
712 2071 841 2125 mentem
903 2066 961 2126 765

63 2161 245 2244 confugient.
267 2161 345 2239 quod
366 2162 392 2221 si
411 2162 472 2221 iam
491 2163 534 2238 fit,
557 2164 669 2225 fateare
688 2175 835 2225 necessest

57 2258 218 2317 ‘mortalem
239 2276 302 2316 esse
322 2257 460 2332 animam,
482 2259 621 2337 quonium
641 2265 759 2319 mutata
777 2278 831 2337 per
851 2267 934 2318 artus

63 2361 152 2416 tanto
171 2375 258 2434 opere
278 2356 392 2415 emittit
411 2356 505 2415 vitam
525 2376 702 2435 sensumque
721 2358 857 2436 priorem.

64 2471 160 2530 quove
179 2452 268 2511 modo
286 2453 398 2531 poterit
416 2454 529 2531 pariter
548 2474 616 2513 cum
637 2474 756 2532 corpore
776 2474 893 2535 quoque

64 2549 239 2610 confirmata
258 2549 393 2628 cupitum
413 2550 520 2609 aetatis
539 2556 660 2628 tangere
680 2552 782 2610 florem
904 2553 963 2612 770

64 2647 112 2707 vis
131 2645 232 2721 animi,
254 2647 313 2704 nisi
333 2646 392 2705 erit
411 2665 529 2704 consors
548 2646 582 2705 in
601 2647 715 2723 origine
734 2647 848 2724 primai

64 2742 176 2822 quidve
196 2743 273 2801 foras
293 2742 351 2801 sibi
372 2733 441 2800 vult
457 2742 597 2802 membris
616 2744 698 2802 exire
718 2745 865 2804 senectisl

26 2900 31 2913 ,
64 2862 105 2901 an
124 2840 234 2899 metuit
254 2840 391 2898 conclusa
410 2857 529 2898 manere
549 2839 582 2898 in
601 2859 723 2918 corpore
743 2841 825 2917 putri

64 2945 97 3000 et
117 2939 223 2998 domus
242 2938 351 2998 aetatis
369 2939 467 3016 spatio
485 2958 524 2999 ne
543 2939 623 2997 fessa
641 2944 760 2998 vetusto

64 3035 195 3095 curuati
216 3038 250 3092 at
268 3053 330 3092 non
349 3038 421 3092 eunt
439 3033 602 3091 immortali
622 3032 685 3091 ulla
704 3033 821 3111 pericla
905 3035 963 3096 775

85 3165 186 3249 (xxvi)
221 3165 324 3242 Fame
341 3165 421 3227 ecula
440 3166 583 3241 claudiae
594 3163 725 3240 fiqluth
735 3163 794 3241 for
812 3185 833 3224 o
852 3165 945 3242 body!

106 3273 246 3349 Denique
265 3271 392 3330 conubia
410 3269 449 3328 ad
470 3270 597 3328 Veneris
617 3275 779 3348 partusque
798 3271 927 3331 ferarum

62 3391 130 3433 esse
150 3370 265 3430 enimes
283 3375 403 3452 praesto
422 3367 617 3427 deridiculum
637 3385 700 3426 esse
720 3367 848 3440 ridetur,
