2198 3764
463 197 595 258 LIBER
617 198 646 260 I.
957 199 994 258 19

105 352 176 407 sunt
195 346 289 425 igitur
308 346 402 406 solida
421 365 456 405 ac
475 347 540 404 sine
558 346 641 404 inani
661 365 783 423 corpora
802 346 905 423 prima
935 348 994 407 510

104 448 257 520 praeterea
275 443 415 521 quoniam
434 443 543 519 genitis
563 442 596 500 in
615 442 703 501 rebus
729 442 855 513 inanest,

104 537 258 597 materiem
279 539 389 598 circum
408 538 532 597 solidam
552 543 687 596 constare
705 543 860 610 necessest,

103 655 159 694 nec
178 655 225 694 res
245 636 307 695 ulla
325 641 424 714 potest
443 655 515 694 vera
532 635 649 694 ratione
667 635 786 711 probari

104 749 224 807 corpore
243 731 332 790 inane
352 751 405 791 suo
425 731 519 790 celere
538 736 628 809 atque
647 731 731 789 intus
749 730 867 802 habere,

103 827 129 885 si
149 845 217 899 non,
239 831 318 905 quod
331 828 456 901 cohibet,
471 829 597 887 solidum
610 833 744 887 constare
757 829 914 907 relinquen
936 829 993 888 515

49 989 52 1000 Ι
103 919 136 980 15
155 942 242 999 porro
262 923 306 981 nil
326 943 388 982 esse
408 929 507 1000 potest
526 924 584 995 nisi
604 923 740 982 materiei
885 916 888 922 ’

103 1019 269 1092 concilium,
290 1019 369 1097 quod
388 1020 478 1079 inane
497 1026 587 1096 queat
606 1038 705 1078 rerum
726 1019 869 1082 cohibere.

102 1116 242 1174 materies
262 1116 364 1194 igitur,
385 1117 479 1176 solido
498 1136 573 1194 quae
593 1135 711 1193 corpore
731 1122 857 1190 constet,

102 1231 168 1270 esse
188 1218 309 1272 aeterna
327 1219 434 1291 potest,
456 1232 524 1272 cum
543 1218 641 1271 cetera
660 1213 869 1274 dissoluantur.

102 1313 169 1366 tum
188 1328 275 1386 porro
295 1309 321 1367 si
340 1310 384 1369 nil
404 1316 481 1368 esset
500 1309 579 1386 quod
599 1309 687 1367 inane
707 1316 834 1384 vacaret,
936 1311 994 1375 520

101 1424 190 1482 omne
209 1406 287 1466 foret
306 1407 432 1466 solidum
442 1427 452 1481 ;
470 1407 529 1465 nisi
549 1412 654 1466 contra
673 1427 795 1484 corpora
815 1413 896 1466 certa

102 1509 202 1561 essent
220 1523 295 1581 quae
315 1506 379 1564 loca
398 1506 579 1582 complerent
597 1524 798 1582 quaecumque
818 1511 962 1579 tenerent,

102 1618 190 1658 omne
210 1600 289 1677 qnod
308 1607 354 1660 est
373 1602 503 1679 spatium
524 1621 648 1660 vacuum
669 1609 818 1661 constaret
837 1603 933 1662 inane.

102 1696 227 1756 alternis
246 1697 339 1774 igitur
357 1698 498 1757 nimirum
519 1718 625 1775 corpus
645 1699 727 1757 inani

100 1793 311 1868 distinctumat,
333 1796 472 1872 quoniam
492 1815 547 1854 nec
562 1796 683 1875 plenum
696 1795 814 1854 naviter
826 1801 912 1855 extat
935 1797 993 1857 525

102 1909 159 1949 neo
177 1911 265 1969 porro
285 1911 419 1954 vacuum.
442 1900 514 1952 sunt
531 1913 602 1970 ergo
622 1912 743 1971 corpora
762 1899 844 1953 certe

101 2010 179 2067 quae
198 1990 329 2068 spatium
348 1991 435 2068 pleno
455 1992 569 2069 possint
588 1992 769 2068 distinguere
789 1993 886 2056 inane.

100 2087 174 2147 11555
193 2107 288 2165 neque
308 2086 431 2146 dissolui
450 2088 545 2165 plagis
564 2090 748 2149 extrinsecus
768 2091 830 2148 icta

100 2185 226 2258 possunt
245 2199 299 2238 nec
318 2199 405 2257 porro
424 2181 544 2258 penitus
564 2187 720 2258 penetrata
738 2182 835 2240 retexi

100 2292 157 2331 nec
175 2272 290 2332 ratione
310 2281 424 2353 queunt
442 2275 502 2334 alia
521 2282 668 2354 temptata
686 2277 786 2336 labere
795 2296 806 2351 ;
934 2277 994 2336 530

100 2370 134 2429 15
153 2370 232 2449 quod
251 2370 312 2428 iam
331 2390 421 2449 supra
439 2371 498 2429 tibi
516 2373 605 2448 paulo
625 2373 808 2433 ostendimus
828 2379 906 2433 ante.

99 2486 170 2524 nam
190 2486 286 2544 neque
306 2467 415 2526 conlidi
433 2467 498 2527 sine
517 2467 600 2525 inani
619 2487 705 2544 posse
723 2468 844 2526 videtur

97 2565 257 2643 quicquam
277 2585 332 2624 nec
351 2566 450 2644 frangi
469 2566 618 2634 neclindi
637 2567 670 2625 in
689 2567 759 2626 bina
779 2567 905 2629 secando

100 2681 156 2720 nec
176 2682 279 2740 cepere
298 2682 429 2723 umorem
446 2683 545 2742 neque
564 2664 635 2723 item
657 2664 804 2723 manabile
823 2665 918 2742 frigus

99 2779 155 2818 nec
167 2761 347 2839 penetralem
360 2762 468 2839 ignem,
482 2762 590 2839 quibus
603 2761 702 2820 omnia
712 2762 916 2822 conficiuntur.
934 2765 991 2825 535

98 2850 133 2917 et
151 2877 211 2935 qno
230 2878 364 2936 quaeque
384 2860 477 2937 magis
497 2860 615 2918 cohibet
633 2878 681 2936 res
699 2859 783 2919 intus
802 2860 899 2935 1115115,

98 2962 163 3014 tem
182 2955 276 3033 magis
295 2954 343 3013 his
362 2956 451 3014 rebus
469 2957 589 3033 penitus
610 2962 756 3034 temptata
777 2957 910 3021 labescit.

98 3071 170 3131 ergo
190 3051 217 3110 si
237 3052 330 3110 solide
352 3071 386 3110 ec
406 3052 471 3111 sine
489 3053 573 3112 inani
593 3072 714 3130 corpore
734 3054 832 3131 prima

97 3149 236 3209 sentite
259 3150 306 3209 uti
327 3150 421 3224 docui,
445 3151 507 3210 sint
526 3151 599 3210 haec
621 3158 742 3211 aeterna
762 3161 914 3216 necessest

97 3250 251 3325 praeterea
268 3246 327 3304 nisi
348 3247 486 3306 materies
506 3255 627 3306 aeterne
647 3249 762 3322 fuisset,
932 3252 990 3312 540

97 3339 224 3400 antehac
246 3341 286 3400 55
307 3342 402 3421 nilum
422 3342 542 3421 penitus
563 3362 611 3402 res
631 3363 763 3422 quaeque
784 3345 930 3405 redissent

833 3457 922 3515 t-‘t
