2198 3764
409 218 542 282 LIBER
567 220 616 282 ῙῙ.
923 216 961 279 67

62 377 120 431 aut
138 370 198 430 elio
217 369 251 429 in
270 369 376 447 quovis
395 388 456 428 uno
475 387 608 447 puroque
627 368 726 428 nitore

12 459 20 466 ⁶
62 467 222 526 dissimiles
241 465 328 542 longe
347 466 427 524 inter
446 485 478 524 se
498 467 654 542 variosque
674 464 793 528 colores.

63 569 218 644 praetores
236 563 281 622 nil
301 563 435 622 officiunt
454 562 631 640 obstantque
651 561 762 639 figurae

63 663 222 723 dissimiles
239 681 299 739 quo
316 662 495 738 quadratum
512 660 612 718 minus
629 679 717 720 omne
730 660 772 719 sit
784 664 884 733 extra3
904 657 962 720 785

63 768 99 821 et
117 761 195 820 varii
213 779 313 819 rerum
333 759 501 837 impediunt
520 759 737 836 prohibentque
756 757 868 818 colores

63 857 224 936 quominus
242 875 305 916 esse
325 875 386 915 uno
405 855 500 933 possit
518 874 566 913 res
585 860 651 914 tots
670 856 775 916 nitore.

65 1043 125 1125 (iii)
151 1044 239 1104 Wtie
251 1043 349 1120 ttioqe
364 1041 443 1120 ‹rs'teu
455 1063 531 1103 roure
535 1041 621 1119 from
635 1041 724 1115 blank,
739 1041 833 1102 which
845 1040 872 1101 ir
885 1060 963 1100 more

105 1142 282 1204 renearlcuhle
302 1143 375 1201 uuo
394 1141 458 1202 tter
477 1141 543 1219 they
554 1139 662 1200 should
675 1138 844 1215 emmsrom
855 1139 964 1199 colour-

103 1241 160 1301 ἶσοι
172 1250 272 1302 amru.

103 1355 181 1415 Tum
201 1374 289 1434 porro
308 1374 385 1432 quse
404 1354 488 1414 ducit
506 1359 538 1413 et
557 1353 656 1414 inlicit
674 1359 711 1413 ut
729 1353 896 1412 tribuemus

64 1455 218 1534 principiis
237 1473 338 1513 rerum
356 1471 581 1530 nonnumquam
600 1471 689 1511 osuse
708 1451 829 1523 colores,

64 1551 182 1634 oceidit,
203 1570 241 1610 ex
259 1551 336 1609 albis
354 1550 494 1628 quoniam
514 1570 576 1610 non
595 1551 664 1610 albo
682 1554 829 1622 creantur,
905 1546 963 1608 790

64 1666 121 1707 neo
139 1665 215 1725 quae
234 1647 321 1724 nigre
340 1647 442 1705 cluent
461 1646 499 1706 de
517 1646 612 1725 nigris
631 1647 683 1706 sed
703 1648 796 1706 variis
814 1666 861 1708 ex.

65 1743 175 1821 quippe
194 1743 305 1802 etenim
324 1742 420 1801 multo
439 1742 600 1820 proclivius
619 1743 793 1803 exorientur

64 1839 193 1898 candide
211 1839 248 1899 de
266 1839 351 1899 nullo
369 1858 459 1917 quem
479 1839 565 1918 nigro
584 1845 657 1901 neto
676 1840 772 1899 oolore

63 1936 198 1994 eutelio
217 1935 322 2017 quovis
342 1934 395 2013 qui
415 1945 518 1994 eontra
537 1941 652 2014 pugnet
670 1942 702 1995 et
720 1936 827 1998 obstet

64 2110 123 2193 (iv)
151 2110 262 2173 Colore·
280 2111 365 2170 erede
383 2110 471 2186 liqut·
490 2120 585 2171 aromo
599 2131 778 2171 moeremus
796 2111 860 2171 into
880 2110 960 2187 liqut.

104 2208 136 2268 It
158 2209 253 2269 varies
273 2209 309 2268 iu
328 2209 449 2268 vorione
468 2208 555 2285 luillae
575 2209 782 2286 amedepmds
800 2229 840 2269 ou
852 2209 898 2269 tlte
910 2209 963 2269 im·

99 2305 232 2383 prem
251 2305 336 2364 mae
355 2324 395 2364 rm
415 2305 461 2364 uo
480 2324 537 2381 eye,
551 2304 601 2366 ιι.
616 2326 655 2366 on
676 2305 791 2382 ‘ouria
805 2290 900 2366 oute
918 2307 963 2367 o

98 2403 193 2479 perde
205 2400 342 2478 onforue

104 2511 263 2571 Praeterea
280 2510 421 2588 quoniam
438 2516 593 2588 nequeunt
610 2511 675 2569 sine
692 2510 758 2570 luce
771 2510 882 2571 oolores
903 2511 961 2572 795

61 2627 128 2668 esse
147 2627 243 2685 neque
262 2608 296 2666 in
315 2608 411 2667 luoem
431 2608 567 2668 existunt
586 2608 750 2686 primordie
769 2627 878 2682 rerum,

61 2704 140 2762 scire
158 2703 229 2762 lieet
247 2722 337 2782 quem
357 2703 419 2762 sint
438 2704 522 2763 nullo
541 2702 641 2762 velate
660 2703 763 2764 oolore.
833 2716 835 2720 ’

60 2799 160 2878 qualis
179 2799 260 2857 enim
279 2800 374 2859 oneris
393 2801 504 2877 poterit
523 2800 604 2859 oolor
622 2818 687 2859 esse
705 2799 856 2859 tenebrisi

61 2896 177 2958 lumine
196 2899 271 2975 quin
291 2898 356 2976 ipso
376 2904 513 2957 mutetur
532 2903 689 2977 propterea
709 2898 790 2976 quod

61 2999 145 3054 reete
165 2999 220 3052 eut
240 2993 360 3072 oblique
380 3013 536 3073 percussus
557 2994 625 3053 luoe
644 2993 791 3071 refulget3
902 2996 961 3055 800

59 3092 166 3172 plume
185 3092 468 3171 columbarumque
488 3098 577 3171 puoto
597 3093 631 3151 in
652 3091 713 3152 sole
734 3093 863 3168 videtur,

59 3207 139 3268 quse
158 3188 217 3248 site
236 3189 365 3248 cervices
384 3189 496 3249 oiroum
515 3190 681 3268 collumque
701 3197 840 3267 coronet3

61 3306 192 3364 nemque
210 3287 285 3347 alies
303 3287 340 3347 rit
359 3288 407 3348 uti
426 3289 507 3347 eluro
526 3288 568 3347 sit
586 3288 678 3347 rubra
695 3308 817 3368 pyropo,

60 3383 214 3444 interdum
234 3381 362 3462 quodam
382 3402 472 3444 seusu
491 3383 528 3441 fit
548 3383 595 3442 uti
614 3382 753 3442 videatur

804 3477 888 3538 δὲ).

1021 3502 1040 3539 ,Ι
