2198 3764
415 212 548 273 LIBER
574 211 622 276 ΙῙ.
932 212 977 272 73·

71 383 140 422 aere
159 361 331 421 fluminibus
350 355 438 420 terris
458 368 596 439 terraque
615 362 731 436 neatis,
849 361 851 367 '
912 361 972 421 940

71 481 126 520 nec
146 480 300 538 congressa
319 460 407 519 modo
426 459 527 518 vitalis
547 458 738 518 convenienti

72 557 202 617 contulit
221 559 301 616 inter
319 576 351 615 se
370 563 478 630 motus,
500 557 608 635 quibus
628 557 830 616 omnituentes

72 655 186 714 accensi
206 674 311 714 sensus
330 655 513 713 animantem
533 674 682 733 quamque
701 660 833 713 tuentur.

111 753 270 813 Praeterea
290 755 425 831 quamvis
445 755 627 813 animantem
647 753 790 831 grandior
809 754 896 829 ictus,
974 777 978 787 =

71 869 161 928 quam
181 850 298 927 patitur
316 857 433 923 natura,
455 856 577 928 repente
596 849 714 926 adfligit
732 856 766 908 et
784 850 880 909 omnis
913 848 971 909 945

71 947 201 1024 corporis
220 952 310 1024 atque
330 947 423 1005 animi
443 948 541 1024 pergit
560 948 742 1006 confundere
761 966 871 1008 sensus.

71 1044 276 1103 dissoluuntur
295 1044 374 1102 enim
394 1045 547 1122 positurae
566 1043 780 1122 principiorum

71 1148 103 1198 et
122 1141 242 1218 penitus
262 1147 362 1199 motus
381 1140 489 1200 vitales
508 1141 714 1219 inpediuntur,

71 1235 164 1295 donec
183 1237 330 1309 materies,
350 1237 447 1296 omnis
467 1257 608 1296 concussa
626 1257 682 1314 per
701 1244 794 1312 artus,

70 1332 173 1391 vitalis
193 1333 309 1392 animae
328 1334 460 1393 nodosa
480 1354 601 1412 corpore
620 1335 711 1394 solvit
912 1333 971 1393 950
1053 1383 1054 1386 ,

70 1430 290 1509 dispersamque
309 1431 388 1490 foras
407 1451 461 1510 per
479 1433 580 1491 caulas
599 1433 688 1492 eiecit
706 1431 810 1492 omnis

69 1545 141 1584 nam
161 1527 239 1604 quid.
252 1533 407 1604 praeterea
425 1528 524 1588 facere
543 1529 637 1587 ictum
657 1548 743 1607 posse
762 1547 882 1588 reamur

70 1623 213 1697 oblat-um,
234 1625 293 1682 nisi
313 1624 460 1683 discutere
480 1646 516 1685 ac
535 1627 696 1687 dissolvere
715 1629 868 1706 quaequel

69 1717 107 1775 fit
126 1735 243 1794 quoque
263 1716 310 1775 uti
330 1718 446 1777 soleant
464 1719 564 1778 minus
584 1721 685 1780 oblato
704 1721 814 1780 acriter
832 1721 896 1780 ictu

69 1812 179 1890 reliqui
198 1818 297 1871 motus
316 1813 419 1873 vitalis
439 1815 559 1876 vincere
578 1836 676 1894 saepe,
911 1816 969 1877 955

69 1911 198 1982 vincere,
219 1914 252 1969 et
270 1909 401 1988 ingentis
420 1912 525 1990 plagae
544 1914 648 1973 sedare
667 1913 816 1973 tumultus

68 2008 161 2086 inque
181 2027 249 2067 suos
269 2009 411 2086 quicquid
430 2028 533 2068 rursus
552 2030 691 2070 revocare
710 2015 827 2069 meatus

69 2111 102 2164 et
121 2106 207 2183 quasi
226 2107 285 2164 iam
304 2107 360 2165 leti
379 2107 582 2166 dominantem
601 2109 635 2166 in
653 2127 775 2185 corpore
795 2113 925 2166 motum¹

69 2202 218 2260 discutere
237 2223 272 2262 ac
291 2223 385 2281 paene
404 2204 528 2262 amissos
547 2203 707 2262 accendere
726 2223 837 2263 sensus.

67 2317 141 2356 nam
160 2318 221 2376 qua
239 2319 272 2358 re
292 2301 393 2379 potius
412 2300 467 2359 leti
486 2301 547 2358 iam
566 2301 669 2360 limine
689 2301 726 2359 ab
746 2301 812 2379 ipso
910 2301 970 2360 960

68 2395 109 2454 ad
128 2394 223 2454 vitam
243 2397 337 2475 possit
356 2398 489 2457 conlecta
508 2405 608 2457 mente
628 2399 748 2472 reverti,

68 2512 160 2572 quam
179 2510 239 2571 qao
259 2494 416 2554 decursum
436 2515 527 2574 prope
547 2496 606 2554 ium
626 2497 686 2554 siet
704 2496 748 2555 ire
768 2501 801 2555 et
819 2496 917 2556 abirel

110 2589 271 2651 Praeterea
289 2593 430 2670 quoniam
450 2593 534 2651 dolor
553 2599 600 2651 est
618 2594 672 2652 ubi
691 2593 828 2652 materiai

68 2706 194 2765 corpora
212 2688 245 2747 vi
264 2689 392 2766 quadam
411 2709 465 2767 per
484 2689 599 2749 viscera
617 2689 688 2748 viva
707 2709 761 2768 per
779 2698 864 2750 artus
959 2745 964 2753 ,

68 2784 230 2844 sollicitata
249 2787 312 2845 suis
332 2787 485 2865 trepidant
503 2788 536 2845 in
556 2786 674 2847 sedibus
693 2787 785 2860 intus,
911 2787 968 2847 965

67 2883 160 2960 inque
179 2881 278 2940 locum
297 2883 417 2959 quando
434 2884 605 2960 remigrant,
624 2883 661 2942 fit
679 2882 791 2941 blanda
807 2883 955 2961 voluptas,

67 2979 145 3037 scire
164 2978 235 3038 licet
253 2979 338 3037 nullo
356 2979 520 3057 primordia
539 2999 625 3058 posse
645 2979 747 3039 dolore

67 3077 212 3154 temptari
231 3077 404 3155 nullamque
422 3079 609 3156 voluptatem
629 3098 733 3156 capere
753 3097 792 3138 ex
811 3097 857 3154 se;

68 3170 310 3250 quandoquidem
329 3193 392 3232 non
410 3180 483 3232 sunt
502 3193 541 3232 ex
560 3173 631 3232 ullis
649 3173 864 3251 principiorum

68 3269 250 3346 corporibus,
271 3288 398 3348 quorum
418 3275 518 3329 motus
537 3271 672 3330 novitate
692 3271 829 3331 laborent
911 3271 970 3331 970

68 3368 273 3446 autaliquem
293 3368 426 3428 fructum
446 3370 567 3447 capiant
585 3369 751 3429 dulcedinis
771 3371 874 3430 almae.
