2198 3764
441 203 574 267 mur
599 203 647 268 II.
954 204 988 265 41

97 362 163 417 tum
186 376 314 415 vacuum
334 360 438 434 pectus
457 355 575 414 lincunt
594 373 724 431 curaque
743 354 884 427 solutum,

96 456 212 514 fervere
232 473 301 512 oum
320 452 422 511 videas
442 453 565 511 classem
584 453 704 530 lateque
721 452 834 529 vagari.
974 451 994 510 0

97 550 176 628 quod
198 551 225 609 si
247 549 375 608 ridicula
393 548 467 607 haec
486 549 674 625 ludibriaque
695 567 758 606 esse
781 547 925 620 videmus,

97 668 130 707 re
150 667 280 725 veraque
299 653 397 705 metus
416 646 571 705 hominum
590 663 737 722 curaeque
757 663 896 722 sequaces

97 763 153 802 nec
172 748 313 802 metuunt
332 743 448 801 sonitus
470 761 619 800 armorum
641 761 696 799 nec
717 741 781 799 fera
802 741 863 799 tela

97 840 297 917 audacterque
319 839 400 897 inter
424 857 509 915 reges
531 856 689 915 rerumque
711 837 842 914 potentis
956 836 995 894 to

97 943 257 997 versantur
276 954 374 1013 neque
394 933 541 1011 fulgorem
560 938 736 992 reverentur
755 931 794 990 ab
815 951 888 991 suro

97 1050 153 1091 neo
176 1032 288 1090 clarum
310 1030 403 1089 vestis
422 1029 607 1107 splendorem
629 1028 798 1106 purpureei,

97 1128 171 1207 quid
183 1129 304 1187 dubitas
317 1128 391 1206 quin
410 1128 500 1186 omni'
515 1126 556 1185 sit
568 1126 641 1185 haec
654 1125 773 1184 rationi’
787 1126 937 1203 potestas?

97 1226 195 1285 omnis
215 1246 284 1285 cum
305 1227 339 1284 in
357 1225 490 1285 tenebris
509 1225 684 1303 praesertim
705 1224 771 1282 vita
793 1225 913 1283 laboret

97 1343 169 1383 nam
192 1324 288 1383 veluti
308 1323 395 1402 pueri
417 1323 572 1400 trepidant
592 1329 683 1402 atque
703 1323 804 1381 omnia
824 1323 918 1381 caecis
958 1324 995 1381 55

97 1421 133 1479 in
152 1421 285 1479 tenebris
303 1425 453 1495 metuunt,
475 1421 518 1478 sio
534 1439 590 1479 nos
609 1420 642 1478 in
661 1421 728 1479 luce
750 1420 891 1479 timemus

97 1520 259 1595 interdurn,
282 1519 346 1578 nilo
362 1539 440 1597 quae
460 1524 534 1578 suut
554 1519 716 1578 metuenda
736 1519 831 1596 magis
848 1539 938 1597 quam

99 1637 176 1696 quae
196 1619 284 1696 pueri
304 1618 338 1676 in
359 1617 490 1677 tenebris
510 1617 650 1694 pavitant
668 1616 845 1693 fingrmtque
865 1616 976 1676 futura

97 1716 181 1774 hunc
203 1715 297 1792 igitur
315 1720 460 1774 terrorem
481 1715 574 1773 animi
596 1715 791 1791 tenebrasque
812 1719 960 1772 necessest

98 1831 163 1871 non
182 1812 260 1871 radii
283 1812 354 1871 solis
374 1831 471 1890 neque
493 1812 594 1871 lucida
614 1811 676 1870 tela
698 1811 759 1870 diei
960 1810 999 1868 60

99 1908 273 1984 discutiant,
294 1907 347 1968 sed
363 1914 490 1968 naturae
510 1909 623 1985 species
642 1907 787 1986 ratioque.

99 2086 213 2147 Motter
237 2085 266 2145 is
291 2084 327 2146 ia
352 2084 507 2144 continual
532 2085 649 2145 motion.
692 2083 835 2143 Pcrttcles
856 2103 908 2142 crs
934 2103 999 2142 con·

143 2182 255 2258 smudy
272 2180 451 2256 transferred
459 2178 548 2256 from
562 2201 616 2240 om
629 2180 712 2258 thing
725 2189 754 2242 to
767 2181 895 2243 uawtlter.
938 2180 1001 2240 Bur

143 2278 189 2337 tle
201 2277 351 2337 scmwtol
363 2278 494 2340 remotos
508 2277 553 2337 tls
565 2298 652 2338 same.

142 2401 234 2462 Nunc
257 2421 320 2478 age,
341 2419 402 2478 quo
422 2406 506 2458 motu
529 2401 672 2478 genitalia
692 2402 829 2461 materiai

102 2517 226 2576 corpora
246 2517 294 2556 res
312 2497 409 2556 varias
429 2497 554 2574 gignant
576 2498 751 2576 genitasque
771 2499 922 2559 resolvant

102 2605 135 2658 et
155 2618 216 2675 qua
231 2598 263 2656 vi
283 2597 381 2657 faeere
401 2598 434 2656 id
456 2603 600 2674 cogantur
619 2616 753 2675 qumque
773 2599 815 2656 sit
835 2598 902 2656 ollis

102 2695 222 2755 reddita
242 2693 392 2753 mobilitas
412 2713 554 2771 magnum
575 2714 629 2771 per
649 2696 739 2754 inane
759 2696 887 2770 meandi,
963 2697 1001 2757 65

102 2790 277 2869 expediam:
297 2797 333 2849 tu
355 2796 388 2848 te
411 2790 499 2848 dietis
522 2792 664 2869 praebere
684 2798 840 2853 memento.

103 2909 174 2948 nam
196 2893 277 2947 certe
297 2907 359 2946 non
378 2888 460 2946 inter
480 2907 512 2946 se
533 2888 645 2966 stipata
665 2889 805 2948 cohaeret

104 2987 252 3059 materies,
275 2986 415 3063 quoniam
437 2986 535 3044 minui
555 3006 618 3045 rem
639 3006 787 3065 quamque
808 2987 944 3049 videmus

103 3089 137 3143 et
157 3083 243 3162 quasi
264 3083 426 3161 longinquo
446 3084 537 3142 fluere
560 3085 660 3145 omnia
682 3085 830 3143 cernimus
849 3106 924 3146 aevo

103 3199 143 3238 ex
164 3179 315 3256 oculisque
336 3184 518 3238 vetustatem
535 3180 699 3240 subducere
719 3182 839 3254 nostris,
965 3181 1004 3243 70

104 3296 174 3336 cum
194 3281 298 3335 tamon
318 3276 475 3335 incolumis
493 3276 632 3335 videatur
652 3296 768 3336 summa
787 3297 907 3337 manere

103 3381 262 3456 propterea
283 3375 361 3453 quia,
384 3393 460 3454 quae
480 3375 627 3436 decedunt
649 3395 771 3454 corpora
790 3376 904 3454 cuique,
