2198 3764
146 198 186 263 9'8
483 188 701 265 iconam·

146 348 265 406 illorum
284 344 364 426 potis
383 353 437 420 est,
459 346 498 406 ad
518 348 613 406 vitam
632 347 685 425 qui
704 351 882 407 revocantes
902 336 907 345 ’

147 446 343 505 circumstant
362 444 492 504 lacrimis
511 451 646 504 rorantes
666 463 718 504 ora
736 459 897 522 genasque.
996 480 999 484 ⁴
1049 478 1051 482 Α

147 560 239 619 quare
253 541 386 599 animum
399 559 518 618 quoque
530 540 655 599 dissolui
668 541 778 599 fateare
791 545 955 614 necessest,
999 541 1053 602 470

148 638 387 716 quandoquidem
406 631 566 715 penetrant
585 638 618 696 in
637 658 707 696 eum
726 638 865 716 contagia
885 640 1006 714 morbi;

148 758 218 796 nam
238 737 323 796 dolor
343 756 377 794 ac
397 737 518 794 morbus
537 736 592 794 leti
611 736 775 795 fabricator
793 743 967 814 uterqueet,

149 835 310 893 multorum
330 833 423 892 exitio
443 832 577 911 perdocti
595 833 675 911 qnod
695 851 798 893 sumus
817 840 899 895 ante.

161 1192 206 1275 (v)
247 1192 286 1254 So
296 1193 361 1274 ¹caleo
374 1192 408 1252 in
421 1192 622 1253 drachonum
635 1192 700 1272 thoy
713 1192 801 1270 scaffen
813 1192 887 1253 aiot
901 1193 951 1254 clu
964 1193 1040 1270 body.

150 1318 278 1395 denique
291 1338 353 1391 cur,
367 1317 516 1377 hominem
530 1338 598 1378 cum
611 1319 692 1379 vinis
704 1320 752 1378 vis
764 1319 943 1398 penetravit

151 1415 228 1472 acris
247 1420 279 1473 et
298 1414 332 1473 in
351 1433 444 1472 venas
464 1414 598 1474 discessit
618 1415 733 1474 diditus
752 1415 848 1489 ardor,

152 1511 342 1588 consequitur
361 1512 493 1589 gravitas
513 1512 721 1589 membrorum,
745 1514 989 1592 praepediuntur

151 1628 238 1667 crura
257 1607 421 1682 vacillanti,
442 1609 584 1667 tardescit
603 1608 713 1686 lingua,
735 1609 836 1669 madet
856 1629 956 1685 mens,

151 1713 227 1765 nant
246 1703 333 1778 oculi,
355 1706 466 1765 clamor
484 1707 634 1784 singultus
653 1706 751 1784 iurgia
769 1707 913 1785 gliscunt,
995 1706 1047 1767 480

151 1809 183 1861 et
201 1803 262 1861 iam
282 1809 381 1862 cetera
400 1802 438 1861 de
457 1822 565 1880 genere
584 1803 640 1863 hoc
659 1823 861 1882 quaecumque
880 1811 1031 1879 secuntur,

152 1919 206 1958 cur
224 1919 260 1958 ea
279 1906 358 1973 sunt,
376 1900 439 1958 nisi
458 1899 539 1977 quod
558 1919 680 1960 vemens
699 1900 844 1960 violentia
862 1900 932 1960 vini

151 1996 328 2055 conturbare
347 1996 477 2055 animam
496 1998 651 2057 consuevit
670 2016 791 2074 corpore
809 1997 844 2055 in
863 1997 952 2076 ipsoi

152 2101 185 2153 at
204 2113 406 2172 quaecumque
425 2101 543 2172 queunt
562 2096 735 2155 conturbari
754 2096 847 2174 inque
866 2097 975 2174 padiri,

152 2193 329 2270 significant,
351 2193 440 2271 paulo
459 2193 487 2251 si
505 2193 611 2252 durior
628 2193 791 2253 insinuarit
997 2192 1049 2254 485

153 2310 249 2362 causa,
271 2289 334 2348 lore
354 2295 391 2349 ut
409 2295 534 2367 pereant
553 2309 627 2349 aevo
645 2290 765 2368 privata
783 2290 897 2351 futuro.

203 2454 259 2538 (vi)
301 2413 373 2512 And
385 2431 420 2512 irc
433 2453 567 2531 epilepsy.
607 2452 654 2514 Its
667 2461 825 2531 symptorna
838 2417 1006 2532 explained.

152 2576 226 2652 quin
245 2574 335 2634 etiam
355 2575 455 2634 subito
474 2575 507 2633 vi
526 2574 622 2632 morbi
641 2594 728 2651 saepe
748 2577 868 2634 coactus

152 2679 223 2732 ante
243 2673 343 2731 oculos
362 2672 470 2750 aliquis
489 2678 613 2745 nostros,
634 2679 670 2731 ut
689 2673 825 2732 fulminis
843 2674 922 2749 ictu,

153 2769 281 2827 concidit
301 2774 333 2828 et
352 2788 472 2846 spumas
492 2769 562 2846 agit,
583 2769 709 2846 ingemit
728 2770 886 2829 attremit
906 2779 1003 2848 artus,

152 2866 271 2943 desipit,
292 2871 429 2928 extentat
448 2885 565 2938 nervos,
585 2871 751 2944 torquetur,
771 2866 898 2927 anhelat
1003 2869 1056 2930 490

151 2963 363 3035 inconstanter,
384 2968 417 3022 et
436 2962 469 3021 in
488 2962 628 3023 iactando
647 2963 779 3022 membra
799 2962 923 3042 fatigat.

151 3059 294 3118 nimirum
314 3060 384 3136 quia
403 3060 450 3118 vis
469 3059 566 3118 morbi
585 3059 729 3117 distracta
748 3075 802 3136 per
821 3067 913 3121 artus

151 3156 265 3228 turbat,
283 3172 374 3232 agens
387 3156 519 3213 animam
532 3159 661 3233 spumat,
676 3155 762 3232 qnasi
775 3154 808 3212 in
821 3173 958 3234 aequora
971 3160 1046 3220 salso

151 3257 310 3315 ventorum
330 3249 438 3309 validis
456 3251 627 3310 fervescunt
645 3250 760 3309 viribua
778 3251 891 3312 undae.

153 3348 332 3428 exprimitur
351 3365 440 3425 porro
459 3348 596 3425 gemitus,
616 3347 687 3427 quia
706 3348 841 3410 membre
861 3350 971 3415 dolore
1002 3352 1055 3415 ’496
