2198 3764
446 208 578 269 treus
602 206 649 270 II.
959 208 998 268 59

99 377 170 430 555,
192 362 228 414 55
248 355 361 433 opinor,
383 353 495 414 habent
515 353 662 413 rationem
683 352 861 414 conciliandi
870 374 883 427 ;Ἰ

99 454 152 512 sed
171 452 257 529 quasi
277 450 442 528 naufragiis
461 450 577 527 magnis
597 451 759 528 multisque
780 452 888 510 ooortis

98 549 255 608 disiectare
274 547 350 606 solet
368 565 509 624 magnum
529 565 610 606 mare
629 551 763 606 transtra
782 544 916 624 guberna

98 651 256 704 antemnas
277 662 396 721 proram
417 644 510 703 malos
529 650 689 722 tonsasque
709 645 845 705 natantis

97 763 153 821 per
172 749 320 809 terrarum
341 742 437 801 omnis
456 761 522 801 oras
542 742 695 802 fluitantia
715 743 850 823 aplustra
938 742 996 801 555

98 849 136 903 ut
155 844 314 908 videantur
334 847 368 902 55
385 841 529 901 indicium
550 843 725 900 mortalibus
747 841 848 914 edant,

98 940 185 998 infidi
204 940 295 998 maris
316 939 439 998 insidias
460 939 591 1016 virisque
613 937 772 1014 dolumque

97 1045 137 1099 ut
157 1038 253 1098 vitare
273 1038 377 1110 velint,
399 1057 476 1097 neue
495 1037 559 1096 ullo
578 1044 711 1114 tempore
732 1036 865 1108 credant,

98 1135 223 1194 subdola
243 1154 312 1194 oum
333 1133 412 1194 ridet
431 1134 541 1212 placidi
562 1134 688 1212 pellacia
707 1133 803 1210 ponti,

98 1233 143 1292 sio
163 1232 220 1290 tibi
241 1231 269 1290 si
288 1230 375 1293 finita
395 1230 485 1289 semel
505 1229 667 1307 primordia
688 1229 832 1306 quaedam
938 1227 997 1286 560

98 1328 270 1400 constitues,
292 1345 396 1385 aevom
416 1325 570 1385 debebunt
590 1344 692 1402 sparsa
711 1343 765 1404 per
787 1343 904 1383 omnem

99 1424 255 1484 disiectare
276 1429 377 1484 aestus
396 1423 507 1483 diversi
527 1423 673 1497 materiai,

98 1540 262 1598 numquam
283 1521 317 1579 in
338 1521 494 1580 concilium
515 1526 552 1579 ut
572 1520 688 1598 possint
708 1519 859 1598 compulsa
880 1521 958 1580 coire

99 1637 156 1678 neo
175 1617 317 1679 remorari
337 1617 371 1676 in
391 1618 515 1677 concilio
534 1637 589 1677 555
610 1636 738 1678 crescere
759 1617 903 1691 adenem

99 1733 225 1792 quorum
239 1721 400 1791 utrumque
412 1714 510 1791 palam
519 1713 585 1773 fieri
597 1713 756 1773 manifeste
768 1714 856 1780 docet
868 1733 923 1787 res,
938 1713 997 1772 565

99 1818 132 1870 55
152 1829 200 1870 res
219 1810 357 1888 progigni
377 1816 408 1869 et
428 1810 545 1887 genitas
565 1829 749 1887 procrescere
770 1830 862 1889 posse.

99 1925 164 1965 esse
184 1905 278 1983 igitur
298 1924 405 1981 genere
424 1906 458 1964 in
478 1905 583 1983 quovis
604 1905 767 1985 primordia
786 1925 886 1965 rerum

99 2003 220 2062 infinita
239 2002 339 2081 palam
360 2009 407 2062 est
426 2003 507 2062 unde
527 2003 628 2064 omnia
646 2003 884 2082 suppeditantur.

100 2127 283 2188 Productiou
299 2126 364 2185 und
379 2127 556 2186 555555ιί55
573 2127 715 2186 alternate
731 2127 796 2186 oud
811 2144 891 2203 coago
911 2126 999 2204 cquol

170 2244 234 2284 war
245 2224 281 2282 iu
293 2233 406 2297 nature,
421 2245 455 2284 55
467 2224 544 2284 ticet
556 2225 620 2284 aad
632 2225 718 2284 decit
731 2245 838 2302 555555
850 2245 923 2286 mu.

140 2339 206 2398 Nec
225 2356 364 2416 superare
384 2342 498 2415 queunt
516 2342 616 2397 motus
635 2338 738 2413 itaque
757 2337 893 2396 exitiales

99 2440 244 2513 perpetuo
260 2451 357 2510 neque
374 2433 407 2490 in
426 2438 580 2492 aeternum
598 2433 723 2510 sepelire
741 2433 877 2506 sulutem,
938 2432 997 2492 570

100 2550 156 2590 nec
174 2548 263 2607 porro
282 2548 381 2588 rerum
402 2529 547 2607 genitales
567 2531 756 2609 auctificique

99 2633 200 2686 motus
218 2631 362 2705 perpetuo
381 2630 508 2702 possunt
527 2643 645 2685 servare
666 2631 773 2686 creata.
871 2663 874 2675 ι

100 2725 144 2784 sic
165 2742 259 2802 aequo
278 2723 393 2801 geritur
413 2722 574 2782 certamine
593 2722 805 2801 principiorum
876 2784 879 2788 ,

100 2840 140 2880 ex
159 2819 278 2880 infinito
297 2824 483 2879 contractum
502 2825 635 2897 tempore
653 2820 784 2880 bellum:

100 2935 182 2976 nuno
201 2916 252 2976 hic
271 2935 352 2976 nuno
372 2916 435 2976 illic
455 2921 599 2994 superant
618 2916 724 2975 vitalia
744 2936 843 2976 rerum
937 2916 997 2978 575

100 3021 133 3075 55
154 3019 334 3092 superantur
352 3014 434 3075 item.
469 3014 610 3074 miscetur
628 3014 734 3075 funere
754 3033 846 3092 vagor

101 3132 190 3192 quem
212 3112 298 3191 pueri
316 3113 429 3172 tollunt
450 3112 576 3171 visentis
596 3110 719 3170 luminis
740 3130 806 3170 oras
815 3131 824 3185 ;

100 3231 157 3271 nec
177 3230 240 3270 nox
259 3211 322 3270 ulla
342 3210 421 3271 diem
441 3229 539 3289 neque
557 3216 676 3269 noctem
696 3229 803 3268 aurora
824 3215 955 3269 secutast

102 3316 180 3384 quae
199 3325 262 3366 non
282 3305 412 3366 audierit
431 3307 544 3366 mixtos
564 3307 714 3383 vagitibus
734 3306 830 3384 aegris

101 3405 236 3488 ploratus
256 3405 361 3465 mortis
381 3404 503 3464 comites
523 3409 556 3464 et
576 3404 690 3465 inseris
709 3405 776 3467 atri.
1017 3482 1074 3544 Δ

855 3501 877 3552 ἢ
