2198 3764
443 225 576 285 HBER
602 220 650 286 II.

99 371 275 449 indupedita
295 371 356 430 suis
376 373 527 450 perplexis
546 372 613 449 ipsa
630 371 741 447 figuris,
840 442 843 447 .

99 470 172 529 haec
195 470 310 529 validas
332 470 398 528 saxi
419 470 534 529 radices
556 476 588 529 et
608 470 672 528 sera
692 467 766 528 ferri
870 475 872 479 '

100 584 221 643 corpora
241 566 430 633 constituunt
448 571 480 624 et
497 571 595 624 cetera
612 565 648 623 da
666 583 774 642 genere
793 562 914 624 horum:
936 561 994 621 104

99 663 226 741 paucula
245 681 320 740 quae
339 682 427 740 porro
446 682 587 740 magnum
607 663 769 740 perinane
788 671 943 738 vagantur.

99 765 198 818 cetera
216 759 369 818 dissiliunt
385 758 472 836 longe
495 760 639 835 longeque
658 764 813 817 recursant
936 809 938 813 ,

98 854 132 912 in
154 854 269 931 magnis
289 854 473 914 intervallis:
500 853 573 912 baec
594 873 663 912 aero
686 873 787 912 rarum

98 953 251 1012 sufficiunt
269 952 356 1010 nobis
374 958 407 1011 et
426 951 581 1028 splendida
600 951 715 1010 lumina
734 952 811 1011 solis

98 1047 253 1124 multaque
271 1053 426 1124 praeterea
444 1067 586 1124 magnum
604 1066 658 1124 per
676 1047 766 1105 inane
785 1052 941 1123 vagantur,

99 1144 230 1202 conciliis
249 1164 349 1203 rerum
369 1161 444 1220 quae
464 1149 537 1201 sunt
556 1143 666 1201 reiecta
685 1162 740 1201 nec
759 1162 885 1221 usquam
937 1142 994 1201 110

98 1243 265 1320 consociare
284 1243 376 1300 etiem
395 1247 494 1300 motus
514 1247 637 1318 potuere
656 1243 783 1318 recepta.

98 1338 191 1411 cuius,
212 1338 260 1396 uti
279 1356 417 1409 memoro,
437 1337 482 1396 rei
502 1337 693 1395 simulacrum
713 1341 746 1395 et
764 1337 861 1412 imago

98 1441 170 1494 ante
190 1435 289 1494 oculos
309 1454 424 1513 semper
442 1436 528 1494 nobis
547 1440 685 1494 versatur
704 1441 735 1494 et
753 1435 855 1494 instat.
950 1431 960 1481 Γ

98 1533 313 1610 contemplator
331 1534 419 1605 enim,
441 1553 509 1592 cum
529 1533 599 1592 solis
619 1533 734 1592 lumina
752 1551 878 1610 cumque

97 1630 205 1690 inserti
223 1629 356 1689 fundunt
374 1629 453 1689 radii
471 1649 526 1706 per
544 1649 636 1707 opaca
655 1630 826 1690 domorum:
937 1626 994 1684 111

97 1728 195 1786 multa
213 1727 331 1786 minuta
350 1728 446 1786 modis
465 1727 568 1786 multis
587 1726 750 1805 perinane
769 1725 885 1784 videbis

98 1845 221 1903 corpora
240 1825 357 1884 misceri
375 1825 527 1884 radiorum
546 1824 659 1896 lumine
679 1823 712 1881 in
731 1823 796 1900 ipsc

98 1929 130 1982 et
149 1923 235 1982 velut
252 1929 373 1981 aeterno
392 1921 552 1981 certamine
571 1922 684 2000 proelia
703 1940 817 1998 pugnas

97 2018 185 2077 edere
204 2018 360 2077 turmatim
379 2017 525 2077 certantia
544 2036 599 2077 nec
618 2017 690 2077 dare
708 2036 841 2095 pausam,

98 2116 231 2174 conciliis
251 2122 282 2174 et
301 2116 433 2174 discidiis
452 2115 584 2175 exercita
603 2116 714 2174 crebris
722 2134 733 2188 ;
937 2114 999 2173 120Ι

98 2213 232 2272 conicere
250 2219 286 2272 ut
305 2212 400 2290 possis
420 2231 459 2271 ax
478 2213 542 2283 hoc,
564 2212 725 2289 primordia
743 2230 843 2270 rerum

98 2310 187 2388 quale
205 2310 247 2369 sit
265 2310 298 2368 in
317 2327 425 2386 magno
443 2310 549 2368 iactari
568 2329 683 2387 semper
701 2309 792 2368 inani

97 2408 258 2467 dumtaxat
276 2428 376 2467 rerum
396 2427 570 2485 magnarum
588 2427 683 2485 parva
701 2413 800 2485 potest
817 2426 865 2465 res

98 2504 266 2581 exemplare
285 2503 356 2562 dare
376 2509 408 2561 et
426 2503 552 2578 vestigia
570 2503 700 2562 notitiai.

97 2601 154 2660 hcc
164 2602 255 2660 etiam
265 2601 359 2677 magis
370 2600 443 2658 baec
453 2600 585 2658 animum
595 2606 626 2658 te
636 2599 789 2658 advertere
801 2617 857 2676 par
870 2605 916 2656 est
937 2599 994 2658 125

98 2715 221 2774 corpora
241 2715 317 2774 quae
335 2697 369 2754 in
388 2696 459 2755 solis
478 2694 570 2754 radiis
590 2696 712 2753 turbare
730 2693 881 2766 videntur,

98 2796 178 2873 quod
198 2794 273 2853 tales
292 2795 399 2852 turbae
417 2799 517 2851 motus
537 2810 653 2868 quoque
672 2790 809 2849 materiai

98 2893 267 2971 significant
286 2891 484 2950 clandestinos
504 2909 662 2966 caecosque
681 2889 806 2947 subesse

98 2992 195 3050 multa
213 2990 329 3048 videbis
348 2989 428 3047 enim
447 2988 543 3066 plagis
561 2988 603 3046 ibi
624 2987 737 3063 percita
755 2985 849 3044 caecis

98 3093 280 3149 commutare
299 3088 379 3145 viam
400 3091 539 3162 retroque
559 3085 678 3162 repulsa
696 3083 807 3142 reverti
824 3105 827 3115 ·
937 3084 994 3142 130

98 3204 180 3245 nunc
199 3185 258 3243 huc
277 3202 357 3241 nunc
376 3182 448 3240 illuc
467 3181 501 3240 in
519 3186 642 3239 cunctas
661 3179 792 3256 undique
812 3178 913 3255 partia

99 3280 213 3341 delicet
232 3278 281 3336 hic
300 3297 319 3335 a
338 3277 492 3354 principiis
512 3283 558 3334 est
577 3275 715 3333 omnibus
734 3293 822 3333 error.

99 3377 197 3456 prima
216 3381 375 3433 moventur
394 3374 473 3432 enim
495 3392 548 3450 per
567 3391 598 3430 se
618 3371 914 3452 primcrdiarerum3
993 3420 995 3428 ,
