2198 3764
442 210 575 278 Mara
600 213 647 277 II.
949 207 991 285 ‚53

98 399 187 462 Cocco
198 397 290 458 where
305 396 437 474 disserent
454 395 557 475 stupea
576 395 614 472 (ff
626 405 720 456 aterna
738 415 824 455 cause
841 393 991 471 differem

141 493 178 572 os
184 495 371 572 perutratiap
384 493 672 571 power-liqlamiaq
689 491 753 552 aad
759 491 828 572 ᾖτε,
843 491 916 569 liplst
929 493 992 550 aad

135 591 218 666 raia,
232 590 309 651 wirae
322 591 387 650 aad
398 591 446 650 cil.
549 601 554 609 ’

136 712 283 774 Perfacile
303 719 349 773 eet
366 713 423 773 tali
441 715 558 773 ratione
577 713 728 772 exsolvere
745 713 832 773 nobis

96 829 189 888 quare
208 811 370 870 fulmineus
389 811 489 870 multo
503 811 684 888 penetralior
703 811 782 888 ignia

97 929 187 987 quam
206 915 308 969 noster
326 909 394 968 fuat
414 929 431 969 e
450 908 548 969 taedis
567 910 759 971 terrestribus
778 915 872 985 ortus3

96 1007 195 1066 dicere
214 1008 292 1065 enim
314 1007 408 1084 possis
427 1007 583 1067 caelestem
603 1007 740 1067 fulminis
759 1008 858 1086 ignem

96 1104 237 1181 suptilem
260 1103 353 1180 magis
375 1123 393 1162 e
415 1104 515 1180 parvis
536 1110 671 1164 constare
691 1105 794 1182 figuris
934 1103 990 1161 385

97 1207 188 1277 atque
207 1200 275 1260 ideo
297 1200 426 1259 transire
447 1199 595 1260 foramina
615 1219 692 1277 quae
709 1199 815 1278 nequit
835 1199 912 1279 ignis

97 1303 200 1356 noster
219 1297 269 1359 hic
289 1316 308 1356 e
327 1297 417 1374 lignis
439 1303 524 1356 ortus
543 1296 689 1375 taedaque
709 1304 834 1357 oreatus.

97 1399 251 1471 praeterea
273 1393 375 1452 lumen
395 1411 448 1470 per
469 1412 591 1451 cornum
611 1392 730 1464 transit,
753 1398 787 1452 at
806 1392 903 1451 imber

98 1490 256 1567 respuitur.
282 1489 392 1566 queret
417 1488 477 1548 nisi
497 1490 621 1573 luminis
642 1490 695 1549 illa
713 1491 829 1549 minora

98 1605 220 1665 corpora
229 1592 302 1645 sunt
309 1606 398 1665 quam
408 1587 445 1646 de
455 1587 564 1664 quibus
573 1593 620 1646 est
629 1587 726 1665 liquor
734 1587 831 1646 almus
838 1605 988 1666 uquarum

96 1689 131 1742 et
152 1683 288 1760 quamvis
308 1683 408 1742 subito
431 1703 485 1762 per
506 1685 603 1743 colum
622 1686 695 1744 vina
712 1686 848 1745 videmus
931 1685 987 1743 391

97 1782 241 1859 perfluere
250 1801 263 1856 3
284 1786 317 1841 st
336 1788 439 1842 contra
458 1781 579 1842 tardum
596 1788 755 1842 cunctatur
776 1783 895 1858 clivom,

97 1883 153 1935 aut
173 1876 244 1954 quia
264 1876 406 1936 nimirum
429 1878 590 1937 maioribus
610 1884 657 1937 est
677 1877 832 1964 elementia
938 1926 940 1930 .

98 1982 153 2035 aut
171 1976 265 2052 magis
282 1976 410 2036 hamatis
430 1977 511 2036 iuter
532 1997 565 2036 se
585 1996 695 2055 perque
715 1977 842 2055 plicatis,

98 2080 188 2151 atque
207 2074 275 2133 ideo
295 2076 333 2133 fit
350 2075 398 2133 uti
416 2094 478 2133 non
497 2080 561 2134 tam
582 2074 705 2135 diducta
725 2080 847 2152 repente
931 2073 988 2133 395

97 2172 178 2230 inter
198 2191 230 2230 se
246 2172 361 2250 possint
383 2173 543 2249 primordia
563 2172 680 2249 singula
699 2191 832 2250 quaeque

98 2267 215 2345 singulo
234 2287 289 2346 per
309 2267 451 2346 cuiusque
468 2268 616 2328 foramina
636 2288 816 2348 permanare.

98 2433 241 2512 Differam
260 2437 337 2512 effect
355 2434 394 2511 of
405 2445 485 2495 aweet
507 2437 572 2495 and
590 2435 681 2498 bitter.
736 2435 838 2496 Atom
856 2433 894 2510 of
907 2432 991 2499 tutta,

165 2531 264 2608 ttinqe
276 2552 328 2592 arc
339 2532 433 2608 roupi
447 2533 510 2607 aad
523 2544 584 2593 taor
596 2553 616 2592 a
630 2554 697 2611 way
709 2532 774 2592 iate
787 2531 833 2592 tba
846 2532 928 2609 body.

138 2670 211 2730 Huc
231 2670 346 2730 accedit
367 2670 415 2729 uti
438 2672 534 2731 mellis
551 2672 696 2750 lactisque
716 2672 845 2749 liquores

97 2764 228 2823 iucundo
249 2784 338 2824 sensu
359 2765 479 2842 linguae
496 2770 663 2824 tractentur
685 2766 720 2824 in
740 2784 808 2839 ore3

98 2867 132 2920 at
155 2864 258 2919 contra
278 2866 376 2919 taetra
397 2861 529 2920 absinthi
549 2868 659 2920 natura
678 2861 794 2939 ferique
931 2857 990 2920 400

98 2957 234 3016 centauri
256 2957 341 3016 foedo
362 2963 557 3036 pertorquent
580 2977 632 3017 ora
650 2975 772 3036 sapore3

97 3060 135 3113 ut
154 3053 243 3112 facile
264 3072 405 3131 agnoscas
425 3055 579 3115 clavibus
600 3062 690 3133 atque
709 3053 849 3114 rutundis

98 3169 162 3208 esee
184 3169 220 3208 ea
240 3169 317 3227 quoe
339 3170 443 3211 sensus
462 3151 592 3212 iucunde
612 3158 734 3229 tangere
754 3155 886 3230 possunt,

99 3252 133 3306 at
149 3252 254 3305 contra
270 3266 346 3324 quae
363 3267 463 3308 amara
478 3255 569 3326 atque
581 3267 685 3327 aspera
703 3267 829 3325 cumque
841 3249 990 3317 videntur,

100 3344 171 3402 haec
195 3343 288 3421 magis
308 3343 436 3417 hamatis
459 3345 539 3404 inter
559 3364 591 3404 aa
612 3364 691 3404 nexa
711 3345 809 3404 teneri
930 3344 991 3416 405
