2198 3764
124 223 162 283 92
480 218 669 280 LUORETI

122 394 176 432 nec
196 390 299 448 cepere
319 371 431 429 irarum
452 370 561 428 fluctus
580 368 614 426 in
633 373 750 446 pectore
770 374 905 446 possunt.
982 394 992 415 ··

50 542 55 557 ¹
122 477 155 529 ct
175 475 298 528 ventose
318 469 412 544 magis
432 487 586 525 cervorum
606 466 716 543 frigide
735 486 819 525 mens
839 473 887 525 est
947 488 952 509 ¹
976 462 991 522 i

125 571 156 624 et
174 564 288 642 gelidas
308 563 399 621 citius
418 582 472 639 per
491 563 607 621 viscere
626 563 757 620 concitet
776 581 865 627 cures
965 563 1023 623 300

122 681 199 739 quce
218 660 380 718 tremulum
401 660 515 717 faciunt
535 660 675 717 membris
694 661 822 717 existere
841 665 969 719 motum.

123 763 156 815 et
175 763 286 814 nature
303 756 394 813 boum
413 755 529 832 placido
549 755 644 832 magis
662 774 730 813 aere
749 755 837 828 vivit,
896 778 901 787 ·

123 873 178 913 nec
197 853 288 910 nimis
307 851 364 910 irai
383 853 435 910 fex
455 853 595 929 umquem
615 851 736 909 subdite
751 853 852 930 percit

123 949 247 1023 fumida,
269 949 441 1008 suffundens
461 969 562 1007 caecae
582 946 716 1026 caliginis
735 949 849 1023 umbre,

124 1067 179 1106 nec
198 1046 304 1123 gelidis
322 1051 423 1123 torpet
443 1047 511 1104 telis
530 1049 644 1124 perfixa
662 1048 798 1125 pavoris:
939 1084 943 1091 ·
967 1049 1025 1108 305

124 1146 205 1204 inter
224 1150 364 1222 utrosque
383 1144 479 1216 sitast,
501 1163 602 1203 cervos
622 1164 783 1221 saevosque
801 1144 913 1204 leones

124 1243 167 1302 sic
187 1242 340 1301 hominum
360 1261 453 1318 genus
474 1248 526 1300 est.
548 1241 685 1319 quamvis
704 1240 840 1300 doctrine
860 1244 976 1319 politos

57 1405 63 1417 ,
125 1343 289 1401 constituet
308 1341 420 1418 pariter
439 1340 590 1418 quosdam,
612 1346 713 1398 temen
732 1339 785 1398 ille
803 1340 955 1419 relinquit

125 1445 251 1499 naturae
270 1440 412 1516 cuiusque
432 1438 525 1496 enimi
545 1439 673 1516 vestigia
692 1438 796 1515 primu

125 1559 180 1598 nec
200 1539 343 1597 redicitus
362 1537 450 1596 evelli
469 1537 549 1595 mels
567 1556 652 1614 posse
672 1536 877 1614 putandumst,
970 1540 1026 1597 310

126 1634 200 1713 quin
219 1634 380 1712 preclivius
399 1633 448 1691 hic
468 1633 528 1691 ires
548 1633 686 1692 decurrat
705 1633 744 1692 ed
763 1635 848 1707 acris,

126 1730 177 1788 ille
196 1734 280 1788 metu
300 1729 388 1786 citius
408 1729 496 1806 paulo
516 1722 689 1806 tempteturj
710 1736 744 1789 et
762 1729 814 1788 ille

126 1827 235 1885 tertius
254 1825 381 1902 accipiet
401 1825 544 1902 quaedem
564 1826 739 1884 clementius
758 1845 861 1903 nequo.

126 1924 217 2001 inque
237 1923 304 1981 eliis
324 1923 413 1981 rebus
433 1924 536 1981 multis
555 1923 674 1982 differre
694 1931 840 1983 necessest

126 2027 250 2080 neturus
269 2020 423 2080 hominum
442 2023 540 2080 varies
560 2041 713 2099 moresque
733 2023 866 2101 sequacis
875 2044 885 2097 ;
970 2025 1025 2084 315

127 2140 253 2198 quorum
274 2140 327 2196 ego
346 2140 427 2178 nunc
446 2140 561 2197 nequeo
581 2141 680 2180 caecas
699 2141 847 2199 exponere
868 2143 976 2183 ceum

127 2237 181 2277 nec
201 2217 330 2294 reperire
349 2218 512 2294 figurarum
531 2224 579 2276 tot
597 2219 719 2278 nominc
739 2235 812 2296 quot
831 2227 907 2280 sunt

127 2316 290 2393 principiis,
311 2315 390 2373 unde
410 2315 481 2373 haec
502 2316 599 2374 oritur
618 2317 766 2375 variantia
779 2336 890 2378 rerum.

128 2411 204 2481 illud
223 2412 257 2470 in
276 2411 323 2470 his
342 2412 431 2470 rebus
450 2412 553 2470 videor
572 2413 690 2471 firmare
709 2419 833 2490 potesse,

128 2527 222 2586 usque
242 2507 315 2567 adeo
334 2513 509 2566 naturarum
529 2509 655 2586 vestigia
675 2509 772 2586 linqui
972 2513 1028 2571 320

128 2603 260 2681 pervola,
281 2622 356 2680 quse
376 2609 505 2679 nequeat
524 2604 602 2663 ratic
621 2604 768 2681 depellere
789 2605 876 2664 nobis

128 2706 165 2759 ut
182 2701 228 2759 nil
246 2700 382 2778 inpediet
400 2699 521 2778 dignum
540 2701 587 2758 dis
607 2700 712 2778 degere
732 2700 834 2761 vitem.
889 2722 892 2728 ’

150 2864 319 2927 anneum
338 2864 376 2940 os
389 2865 435 2924 tlte
454 2866 521 2924 coel
539 2865 610 2926 wille
629 2865 675 2924 tlte
695 2866 845 2943 body-iu
864 2871 1018 2930 amelien

436 2959 500 3018 aed
517 2960 554 3018 ic
573 2959 718 3019 mune.

170 3077 255 3136 Haec
275 3078 368 3154 igitur
386 3086 496 3138 nature
516 3085 637 3138 tenetur
656 3099 776 3157 corpore
797 3081 836 3138 eb
856 3085 944 3144 omni

129 3176 252 3253 ipseque
273 3174 402 3252 corporis
421 3181 468 3234 est
486 3183 585 3236 custos
605 3183 637 3236 et
656 3197 745 3235 cause
764 3177 889 3253 salutis3

129 3289 200 3328 nem
220 3271 424 3329 communibus
443 3273 524 3330 inter
542 3292 574 3331 se
593 3273 743 3331 radicibus
762 3272 888 3336 haerent
973 3277 1031 3338 325

129 3383 185 3424 nec
204 3364 268 3423 sine
288 3365 417 3444 pernicie
437 3367 539 3425 divelli
558 3388 642 3448 posse
661 3368 810 3430 videntur.
