2198 3764
93 216 133 275 62
444 213 634 276 LUORBPI

94 367 306 437 calamumque
325 359 412 418 daret
430 360 521 419 matri
541 360 597 420 sub
616 366 735 438 pectore
755 362 872 424 volnus.
888 354 904 363 ”

93 461 249 533 propterea
268 474 404 532 magnam
424 457 534 516 armati
552 463 679 516 matrem
698 458 892 530 comitantur,
936 460 992 519 640

94 559 149 612 aut
167 553 240 630 quia
258 553 426 630 significant
445 555 546 614 divam
566 555 734 633 praedicere
754 562 792 614 ut
811 557 907 616 armis

94 670 129 708 ac
148 651 263 709 virtute
282 651 379 708 velint
397 651 526 727 patriam
546 650 703 711 defendere
722 659 835 711 terram

94 747 299 826 praesidioque
318 753 426 826 parent
445 748 601 826 decorique
620 751 794 827 parentibus
813 769 889 809 esse.

95 865 173 922 quaa
190 845 265 904 bene
285 849 317 903 et
336 834 444 903 eximie
464 845 600 922 quamvis
620 846 753 924 disposta
771 847 920 922 ferantur,

95 942 182 1019 longe
200 947 276 1001 sunt
292 949 394 1002 tamen
412 962 432 1001 a
451 962 523 1001 vera
542 943 659 1002 ratione
678 944 804 1021 repulsa.
937 946 995 1004 645

95 1039 192 1097 omnis
211 1039 291 1098 enim
309 1058 364 1117 per
383 1058 415 1098 se
434 1039 536 1100 divom
554 1039 665 1100 natura
684 1047 832 1102 necessest

96 1133 248 1193 inmortali
267 1153 341 1193 aevo
361 1154 476 1192 summa
495 1155 563 1194 cum
583 1155 658 1213 pace
676 1137 796 1195 fruatur

95 1237 208 1293 semota
228 1232 398 1290 abnostris
416 1233 505 1290 rebus
529 1232 721 1309 seiunctaque
740 1233 838 1310 lunge;

96 1345 167 1385 nam
185 1327 304 1405 privata
323 1326 424 1386 dolore
444 1327 532 1401 omni,
554 1328 674 1406 privata
693 1330 821 1406 periclis,

96 1422 161 1500 ipsa
181 1423 242 1481 suis
262 1423 376 1500 pollens
394 1422 507 1500 opibus,
529 1424 574 1482 nil
593 1424 696 1501 indiga
713 1425 817 1497 nostri,
940 1427 997 1485 650

97 1538 152 1577 nec
174 1519 250 1578 bene
273 1519 442 1597 promeritis
462 1520 580 1596 capitur
598 1539 695 1596 neque
715 1520 855 1598 tangitur
875 1520 931 1581 ira.

50 1624 87 1671 ⁶⁵⁵
97 1615 147 1674 hic
166 1616 260 1694 siquis
282 1635 363 1676 mare
383 1617 561 1694 Neptunum
582 1618 776 1702 Cereremque
797 1638 909 1678 vocare

98 1714 256 1773 constituit
273 1714 374 1792 fruges
396 1720 429 1773 et
451 1715 562 1773 Bacchi
580 1717 700 1775 nomine
719 1717 805 1774 abuti

98 1810 211 1869 mavolt
230 1829 318 1887 quam
339 1809 437 1868 leticie
457 1810 612 1887 proprium
634 1811 766 1890 proferre
783 1830 942 1888 vocamen,

99 1906 291 1966 concedamus
311 1912 347 1965 ut
366 1906 414 1964 hic
432 1911 580 1964 terrarum
598 1906 718 1965 dictitet
737 1908 839 1966 orbem
941 1911 998 1969 655

99 2022 162 2061 esse
182 2001 271 2061 deum
290 2008 424 2075 matrem,
444 2003 516 2061 dum
533 2021 604 2060 vera
619 2022 652 2061 re
673 2009 778 2062 tamen
795 2003 862 2080 ipsp

51 2121 91 2160 eso
99 2101 241 2178 religione
258 2101 390 2159 animum
410 2101 492 2177 turpi
514 2101 684 2177 contingere
703 2106 814 2178 parcat

52 2223 89 2270 ος,
99 2206 180 2258 terra
197 2197 316 2275 quidem
335 2215 405 2256 vero
423 2203 504 2255 caret
522 2199 603 2256 omni
619 2203 752 2273 tempore
767 2216 870 2273 sensu,

99 2295 219 2372 etquis
232 2294 397 2353 multarum
418 2294 533 2370 petitur
554 2293 715 2369 primordia
735 2311 848 2366 rerum,

99 2391 195 2450 multa
212 2391 308 2450 modis
323 2389 427 2448 multia
445 2389 531 2448 effert
548 2389 581 2448 in
602 2389 717 2448 lumina
732 2390 809 2448 solis.
942 2394 1000 2452 660

160 2562 220 2623 wa
233 2559 365 2636 dffcrcut
376 2559 507 2618 camna
520 2559 554 2618 iu
568 2560 613 2621 tlte
625 2581 703 2619 saruc
717 2560 800 2637 itiaq
813 2564 880 2621 aad
893 2564 944 2624 clia

247 2657 386 2717 identicd
397 2658 528 2717 elementa
540 2657 575 2716 iu
588 2657 721 2734 different
733 2658 838 2734 stiays.

53 2786 92 2826 cco
141 2769 234 2848 Saepe
252 2769 354 2847 itaque
372 2790 411 2829 ex
426 2790 488 2830 unc
507 2770 665 2830 tondentes
683 2771 817 2848 giamina
834 2791 946 2852 campo

100 2865 248 2943 lanigerae
265 2867 393 2942 pecudes
410 2875 442 2926 et
462 2886 604 2944 equorum
623 2867 751 2927 duellica
768 2868 869 2943 proles

100 2962 294 3040 buceriaeque
311 2982 413 3041 greges
429 2963 530 3022 ecdem
549 2964 751 3040 subtegmine
768 2965 844 3023 caeli

100 3079 139 3117 ex
154 3077 272 3135 unoque
287 3059 369 3118 sitim
387 3058 524 3118 sedantes
541 3060 664 3118 flumine
681 3059 770 3136 aquai

100 3154 238 3214 dissimili
254 3154 360 3214 vivont
377 3155 471 3232 specie
489 3155 678 3233 retinentque
695 3161 856 3233 parentum
942 3160 998 3220 665

54 3256 239 3318 cessaturam
260 3258 291 3308 et
307 3268 404 3308 mores
421 3250 585 3326 generatim
606 3269 740 3328 quaeque
757 3251 932 3317 imitantur.

102 3352 187 3405 tanta
204 3351 250 3405 est
267 3345 300 3405 in
316 3345 421 3423 queuis
438 3364 544 3423 genere
560 3345 668 3406 herbae
689 3348 826 3409 materiai
