2198 3764
394 183 551 244 ¹'LIBER
577 181 644 244 III.
890 182 956 242 Ι113

56 340 112 393 aut
134 332 261 392 flammis
284 331 417 392 interfiat
436 332 561 391 malisve
581 331 722 406 ferarum,
803 349 806 354 ·

56 434 132 492 scire
155 432 226 491 lieet
249 448 310 489 non
330 430 479 490 sinoerum
501 448 606 488 sonere
626 435 717 506 atque
739 429 858 489 subesse

56 548 176 589 caenum
198 528 326 605 aliquem
349 527 432 588 oordi
451 526 614 600 stimulum,
634 528 771 605 quamvis
788 533 878 604 neget
894 527 958 605 ipse

55 625 399 702 erederesequemquam
408 623 465 682 sibi
473 623 738 682 sensuminmorte
746 622 956 685 futurum875

54 743 126 795 non,
148 729 184 780 ut
207 721 320 798 opinor,
345 722 425 780 enim
448 721 501 778 dat
521 721 601 798 quod
624 722 776 798 promittit
793 727 826 783 et
843 723 932 795 unde,

55 842 112 881 nec
133 822 277 880 radicitus
298 840 318 880 e
340 821 406 879 vita
428 839 459 879 se
482 820 564 879 tollit
586 826 618 879 et
637 821 717 895 eicit,

55 919 107 978 sed
131 919 206 978 faoit
225 938 288 977 esse
308 919 357 976 sui
378 918 519 996 quiddam
537 934 626 994 super
645 918 755 977 inscius
776 919 847 995 ipse.

55 1021 144 1078 vivus
165 1019 244 1076 enim
268 1016 326 1074 sibi
349 1035 417 1074 oum
438 1015 579 1092 proponit
599 1015 724 1093 quisque
744 1015 889 1089 futurum,

55 1134 163 1193 eorpus
184 1115 232 1173 uti
251 1114 383 1172 volucres
405 1112 538 1171 laterent
560 1112 594 1170 in
616 1119 712 1171 morte
734 1113 881 1190 feraeque,
897 1115 955 1173 880

55 1215 120 1292 ipse
142 1213 189 1273 sui
212 1213 351 1286 miseret;
371 1231 467 1290 neque
490 1211 571 1269 enim
594 1229 626 1270 se
647 1212 757 1270 dividit
779 1212 865 1285 illim,

55 1330 112 1369 neo
136 1315 268 1369 removet
291 1311 364 1368 satis
387 1327 405 1368 a
429 1308 559 1386 proiecto
583 1327 705 1386 corpore
725 1315 758 1367 et
776 1309 863 1369 illum

56 1428 90 1466 se
110 1409 200 1485 fingit
221 1426 368 1484 sensuque
391 1425 445 1464 suo
467 1406 651 1465 contaminat
672 1412 780 1467 astans.

55 1505 128 1567 hino
147 1506 321 1584 indignatur
344 1525 375 1563 se
393 1505 553 1564 mortalem
573 1524 636 1564 esse
657 1512 789 1577 creatum

55 1622 112 1662 neo
135 1602 274 1660 videtin
296 1621 368 1660 vera
388 1602 506 1660 nullum
527 1601 592 1662 fore
613 1611 709 1661 morte
730 1603 820 1660 alium
844 1623 875 1662 se
897 1603 954 1661 885
1013 1678 1017 1687 ⁴

55 1698 110 1777 qui
131 1699 225 1776 possit
247 1698 335 1756 vivus
357 1697 415 1756 sibi
437 1716 469 1756 se
493 1698 594 1776 lugere
615 1706 801 1776 peremptum

55 1804 199 1875 stansque
218 1796 364 1855 iacentem
384 1816 413 1855 aa
434 1796 558 1854 laoerari
579 1797 665 1855 urive
686 1796 792 1856 dolere.

55 1909 128 1947 nam
151 1889 178 1946 si
200 1888 234 1947 in
256 1893 352 1947 morte
373 1888 516 1947 malumst
537 1888 623 1947 melis
647 1908 804 1966 morsuque
825 1888 955 1947 ferarum

55 1987 191 2058 tractari,
213 2005 273 2043 non
295 1985 416 2045 invenio
437 1985 490 2063 qui
512 2004 573 2044 non
595 1985 636 2044 sit
657 1987 795 2044 acerbum

55 2085 177 2162 ignibus
198 2082 361 2160 inpositum
384 2083 488 2142 aelidis
509 2088 670 2141 torresoere
692 2083 819 2142 flammis
896 2084 956 2143 890

56 2179 166 2239 autin
186 2179 273 2238 melle
294 2179 387 2237 situm
410 2179 547 2237 suffocari
569 2185 659 2256 atque
681 2179 777 2255 rigere

55 2279 176 2355 frigore,
197 2297 266 2336 oum
283 2296 398 2336 summo
421 2276 512 2354 gelidi
534 2277 625 2336 cubat
644 2296 770 2354 aequore
791 2277 866 2349 saxi,

55 2376 194 2454 urgerive
216 2393 342 2453 superne
362 2374 507 2433 obtritum
531 2374 660 2452 pondere
681 2380 785 2433 terrae.

55 2545 155 2608 Deatls
172 2546 244 2606 eade
261 2544 335 2621 lise's
346 2545 423 2623 jope,
445 2545 496 2605 but
515 2545 576 2605 also
596 2545 674 2606 taleae
693 2567 778 2625 away
798 2547 843 2606 tlte
864 2547 955 2607 desire

329 2702 334 2712 ,
422 2643 479 2721 for
498 2643 579 2704 them.

100 2758 185 2816 ‘Iam
204 2757 264 2816 iam
282 2776 343 2816 non
361 2757 466 2817 domus
483 2758 609 2836 accipiet
625 2765 657 2817 te
669 2759 755 2832 laeta,
770 2779 866 2838 neque
879 2781 956 2820 uxor

56 2856 171 2934 optima
191 2875 246 2915 neo
269 2856 370 2916 dulces
391 2864 546 2916 occurrent
566 2858 666 2917 osoula
688 2860 754 2918 nati
896 2861 954 2919 895

56 2954 224 3032 praeripere
248 2959 280 3016 et
302 2955 396 3014 tacita
418 2961 523 3032 peetus
546 2955 702 3015 dulcedine
721 2963 852 3035 tangent

55 3072 119 3113 non
139 3053 252 3130 poteris
274 3051 362 3111 factis
385 3053 559 3112 florentibus
580 3073 651 3127 esse,
672 3055 792 3131 tuisque

57 3148 244 3228 praesidium.
267 3149 375 3208 misero
394 3149 512 3208 misere'
531 3150 619 3210 aiunt
640 3152 752 3210 ‘omnia
771 3153 883 3212 ademit

56 3265 119 3306 una
138 3245 203 3306 dies
222 3246 331 3304 infesta
350 3246 408 3305 tibi
427 3252 475 3306 tot
493 3249 625 3324 praemia
643 3248 743 3309 vitae'

56 3342 133 3403 illud
153 3343 188 3401 in
207 3342 254 3401 his
274 3343 362 3402 rebus
381 3362 443 3402 non
462 3344 577 3405 addunt
598 3351 665 3405 ‘nee
684 3346 742 3406 tibi
760 3366 862 3406 earum
897 3345 957 3405 900

137 3473 164 3517 n
857 3457 876 3516 8
