2198 3764
94 202 136 276 'id'
449 208 639 272 LUORM'I

93 358 193 418 omnia
212 377 288 436 quae
307 376 388 416 nuno
407 355 433 414 si
452 356 581 434 primum
602 355 778 415 mortalibus
798 361 912 432 essent,

94 474 132 513 ex
152 454 303 531 inproviso
323 453 350 512 si
368 473 450 512 nuno
469 452 585 513 obieeta
604 459 734 531 repente,

94 552 166 630 quid
187 553 279 629 magis
298 551 345 610 his
365 553 453 610 rebus
472 556 591 628 poterat
610 551 746 610 mirabile
765 549 827 610 diui
921 550 1000 610 1035

94 655 148 708 aut
167 650 267 707 minus
286 657 356 707 ante
375 648 454 726 quod
474 648 620 706 auderent
639 648 703 706 t'ore
721 647 841 706 eredere
859 650 986 724 gentes?

94 746 147 818 nil,
167 751 204 804 ut
223 746 345 823 opinor:
365 746 410 804 ita
429 744 502 804 hoeo
522 745 633 823 speeies
652 744 789 802 miranda
808 744 927 805 fuisset.

94 861 183 920 quern
203 842 260 900 tibi
280 842 340 900 iam
359 860 455 914 nemo,
477 841 571 900 fessus
591 841 699 899 satiate
718 840 852 914 videndi,

94 939 241 1016 suspicere
260 939 294 996 in
313 939 388 997 caeli
407 939 548 1016 dignatur
567 939 667 998 lueida
685 938 811 1016 templa!

95 1034 196 1094 desine
217 1040 397 1113 quapropter
416 1036 551 1094 novitate
571 1036 732 1094 exterritus
751 1036 818 1114 ipsa
919 1036 999 1095 1040

95 1152 223 1210 expuere
242 1152 282 1191 ex
301 1132 400 1190 animo
420 1132 574 1206 rationem,
596 1132 648 1192 sed
668 1133 762 1210 magIs
780 1132 844 1192 aeri
880 1189 883 1200 ,

95 1229 205 1287 iudioio
225 1228 372 1306 perpende
391 1234 431 1299 et,
452 1227 478 1285 si
498 1228 555 1286 tibi
574 1247 647 1286 vera
666 1229 816 1300 videntur,

96 1326 170 1384 dede
190 1345 303 1401 manus,
326 1330 388 1399 aut,
409 1325 436 1384 si
456 1325 562 1384 falsum
584 1332 638 1397 est,
659 1325 812 1401 aooingere
830 1330 949 1384 eontra.

96 1421 213 1499 quaerit
231 1422 312 1479 enirn
331 1422 477 1479 rationem
496 1421 622 1495 animus,
641 1440 709 1479 oum
729 1438 847 1478 summa
866 1419 926 1479 loci
946 1420 987 1479 sit

96 1519 215 1577 infinita
234 1518 307 1577 foris
327 1518 399 1577 haee
419 1524 506 1577 extra
524 1519 642 1577 moenia
661 1517 773 1592 mundi,
921 1517 997 1577 1045

96 1616 169 1695 quid
188 1616 230 1676 sit
249 1616 292 1675 ibi
311 1635 398 1694 porro
418 1637 478 1695 quo
497 1617 663 1694 prospicere
682 1635 775 1693 usque
795 1615 873 1675 velit
891 1634 979 1676 mens

96 1720 187 1793 atque
206 1713 300 1772 animi
318 1714 415 1773 iactus
434 1715 510 1772 liber
529 1733 588 1792 quo
607 1714 741 1793 pervolet
759 1713 831 1790 ipse.

99 1885 189 1944 There
208 1905 259 1944 are
279 1884 358 1944 order
377 1885 482 1944 worlds
499 1884 573 1944 stoa
590 1904 667 1945 oure.
708 1883 770 1943 For
785 1881 820 1963 (i)
834 1903 893 1943 our
906 1884 998 1944 world

125 1980 248 2058 ,500109
272 1983 340 2042 been
352 1982 475 2058 formed
496 1980 822 2058 53105οΜ0000ίείωο
842 1979 881 2056 of
894 1991 996 2053 awaus,

137 2082 200 2139 und
212 2100 295 2157 apere
309 2079 390 2156 baino
403 2079 528 2156 infinite,
543 2081 569 2138 e't
588 2081 616 2140 ia
633 2082 654 2138 d
665 2078 767 2157 priori
778 2077 921 2156 prototo
937 2079 997 2138 atat

138 2179 231 2238 others
244 2198 315 2237 were
327 2178 474 2254 similarly
477 2176 605 2254 formed

137 2292 289 2371 Principio
308 2292 394 2350 nobis
414 2291 447 2349 in
467 2299 589 2351 eunotas
609 2290 740 2369 undique
758 2290 856 2369 partis

98 2404 130 2456 et
147 2395 241 2454 latere
261 2414 299 2454 ex
318 2400 444 2471 utroque
464 2414 557 2471 supro
576 2399 736 2472 supterque
754 2412 809 2470 per
829 2412 921 2453 omne

98 2493 181 2552 nulla
201 2497 247 2552 est
265 2491 352 2566 finis3
376 2492 423 2550 uti
443 2491 538 2565 doeui,
559 2511 606 2550 res
626 2491 748 2569 ipsaque
767 2510 821 2568 per
840 2510 874 2552 se
922 2492 998 2552 1050

98 2592 286 2663 vociferatur,
307 2595 339 2650 et
358 2591 456 2649 elucet
474 2596 583 2649 natura
602 2589 754 2667 profundi.

97 2688 181 2747 nullo
200 2689 261 2747 iam
280 2695 367 2766 paeto
387 2688 453 2746 veri
472 2687 569 2746 simile
588 2706 652 2746 esse
671 2686 879 2765 putandumst,

98 2784 229 2861 undique
249 2804 317 2843 eum
336 2802 457 2844 vorsum
477 2784 608 2862 spatium
627 2790 714 2842 vacet
733 2784 890 2843 infinitum

98 2882 268 2958 seminaque
287 2881 444 2940 innumero
463 2899 587 2939 numero
607 2899 780 2957 summaque
799 2879 953 2957 profunda

98 2977 281 3035 multimodis
299 2978 429 3036 volitent
448 2983 569 3036 aeterno
587 2977 701 3054 percita
720 2981 814 3049 motu,
923 2975 997 3037 1055

98 3075 178 3134 huno
198 3095 291 3134 unum
311 3081 458 3135 terrarum
478 3077 579 3134 orbem
599 3076 771 3152 caelumque
791 3081 938 3154 creatum,

98 3172 143 3232 nil
162 3192 249 3250 agere
268 3173 321 3231 illa
340 3174 414 3232 foris
432 3178 480 3232 tot
499 3192 622 3250 corpora
640 3172 795 3246 materiai;
830 3200 835 3211 1

99 3289 165 3328 oum
186 3271 359 3348 praesertim
378 3271 427 3328 hia
448 3271 488 3328 sit
506 3276 616 3329 natura
636 3269 742 3343 faetus,
764 3270 883 3348 etipsa

99 3373 204 3444 sponte
223 3385 278 3425 sua
298 3365 376 3425 forte
395 3367 566 3426 offensando
585 3367 699 3426 semina
719 3385 820 3426 rerum
