2198 3764
150 189 193 249 18
506 189 697 250 noctur!

152 339 206 397 All
224 337 319 397 bodies
334 356 383 395 ore
399 336 568 412 primordia
587 335 630 414 (l)
651 336 756 413 unqe,
775 358 810 396 or
830 335 874 418 (2)
894 338 931 398 in
948 340 1053 400 amet

192 437 304 495 oetion.
346 434 447 509 Sinqbe
465 433 637 510 primordio
660 455 711 493 are
735 435 892 512 absolutely
911 437 1000 498 solid.
1039 462 1042 467 ·

193 554 323 632 (torpore
343 560 414 612 sunt
433 573 522 632 porro
540 555 650 631 partim
671 554 833 632 primordia
851 574 965 628 rerum,

152 653 263 728 partim
283 651 407 709 concilio
427 670 503 728 quae
523 658 660 709 constant
680 652 900 730 principiorum.

153 750 204 807 sed
224 767 301 826 quae
320 752 392 822 sunt
410 766 510 804 rerum
530 746 700 824 primordia,
714 750 798 807 nulla
810 754 910 826 potest
924 749 972 808 vis
991 750 1049 808 485

153 845 322 921 stinguere3
340 862 410 900 nam
430 843 525 901 solido
544 843 672 902 vincunt
690 865 727 903 ea
746 864 867 922 corpore
886 846 1019 907 demum.

153 943 211 1001 etsi
229 942 348 1000 difficile
367 960 431 999 esse
450 941 571 999 videtur
591 943 709 1001 credere
729 944 886 1022 quicquam

152 1040 185 1098 in
204 1039 294 1098 rebus
313 1038 407 1096 solido
425 1038 548 1114 reperiri
568 1057 689 1116 corpore
708 1059 800 1116 posse.

152 1135 262 1194 transit
281 1134 360 1192 enim
380 1133 494 1195 fulmen
513 1134 588 1192 caeli
608 1154 662 1212 per
676 1141 783 1213 saepta
801 1136 972 1211 domorum,

153 1233 264 1290 clamor
282 1236 319 1290 ut
338 1248 494 1303 seroces,
514 1230 628 1288 len-um
648 1231 798 1291 candescit
817 1233 850 1290 in
869 1233 936 1310 igni
991 1235 1049 1294 490

152 1328 363 1404 dissiliuntque
381 1327 446 1385 tero
465 1327 613 1385 ferventia
633 1346 706 1386 saxa
726 1347 851 1406 vapore5

152 1434 218 1485 tum
238 1426 434 1484 labefactatus
453 1424 535 1501 rigor
553 1425 620 1483 auri
640 1426 766 1484 solvitur
785 1433 889 1501 aestu3

151 1528 218 1582 turn
237 1522 347 1600 glacies
366 1522 442 1580 aeris
461 1522 580 1580 flamme
599 1522 716 1580 devicta
735 1523 873 1601 liquescit
883 1543 894 1598 ς

151 1624 306 1696 permanat
326 1618 406 1676 calor
424 1625 580 1695 argentum
601 1619 811 1697 penetraleque
828 1622 934 1699 frigus,

152 1717 270 1795 quando
290 1722 450 1793 utrumque
469 1736 560 1775 manu
579 1714 744 1776 retinentes
763 1720 870 1794 pocula
889 1721 952 1780 rite
991 1722 1048 1781 495

152 1813 297 1872 sensimus
316 1812 417 1870 infuso
435 1812 624 1889 lympharum
644 1832 711 1871 rore
731 1833 865 1890 superno.

151 1908 338 1986 usqueadeo
356 1908 390 1966 in
409 1908 498 1966 rebus
518 1909 605 1966 solidi
624 1909 668 1966 nil
689 1928 753 1968 esse
771 1909 901 1970 videtur.

151 2005 203 2064 sed
223 2006 294 2082 quia
313 2024 384 2063 vera
403 2010 505 2063 tamen
524 2006 604 2064 ratio
621 2015 788 2084 naturaque
807 2027 909 2067 rerum

151 2103 240 2179 cogit,
262 2103 340 2174 ades,
361 2102 463 2178 paucis
483 2101 555 2158 dum
575 2103 711 2160 versibus
730 2104 925 2180 expediamus

151 2220 214 2259 esse
225 2220 259 2259 ea
269 2218 345 2278 quae
354 2199 448 2258 solido
458 2204 548 2275 atque
558 2205 809 2277 aeternooorpore
819 2207 970 2274 constent,
992 2202 1048 2261 500

151 2298 264 2355 semina
283 2315 359 2373 quac
377 2315 477 2354 rerum
497 2296 717 2373 primordiaque
736 2316 799 2355 esse
818 2297 972 2372 docemus,

151 2393 232 2452 unde
252 2392 348 2450 omnis
367 2410 467 2450 rerum
486 2411 567 2450 nuno
587 2398 703 2450 constet
722 2412 838 2451 summa
857 2401 969 2455 mesta.

149 2546 324 2606 Primordia
343 2566 394 2604 ore
417 2544 538 2604 eona
563 2544 642 2605 Vota
687 2545 767 2621 They
784 2566 836 2604 ore
855 2549 972 2607 censat
990 2547 1051 2609 ond

271 2652 381 2703 cannot
400 2642 432 2701 bc
440 2641 565 2718 further
581 2641 764 2701 subdivided.
803 2641 919 2718 Prooss.

190 2754 342 2831 Principio
362 2755 501 2832 quoniam
522 2756 632 2833 duplex
651 2762 761 2814 natura
780 2754 909 2817 duarum

150 2850 302 2910 dissimilis
321 2872 420 2910 rerum
440 2852 528 2929 longe
547 2859 683 2912 constare
702 2860 857 2930 repertast,

151 2949 280 3025 corporis
300 2953 390 3024 atque
410 2947 476 3016 loci,
489 2949 582 3008 resin
594 2969 653 3027 quo
666 2969 799 3028 quaeque
818 2959 978 3029 geruntur,
993 2956 1049 3014 505

151 3064 214 3103 esse
234 3050 391 3121 utramque
411 3044 469 3102 sibi
488 3064 541 3121 per
561 3065 592 3104 se
611 3064 774 3124 puramque
794 3057 957 3111 necessest.

150 3161 220 3199 nem
239 3160 424 3218 quacumque
443 3147 531 3199 vacat
547 3143 686 3219 spatium,
701 3142 781 3220 quod
793 3143 885 3204 inane
897 3165 1047 3219 vocamus,

151 3257 256 3313 corpus
276 3256 312 3295 ea
332 3255 392 3294 non
411 3242 458 3294 est
468 3256 477 3309 ;
496 3256 556 3312 qua
575 3256 663 3314 porro
684 3258 809 3317 cumque
828 3246 918 3303 tenet
938 3265 972 3306 se

151 3351 264 3409 corpus,
286 3349 321 3389 ea
341 3349 466 3388 vacuum
486 3352 672 3409 nequaquem
692 3341 810 3393 constet
829 3336 931 3400 inane.
