2198 3764
421 216 553 283 Mane
579 219 625 282 ΙΙ.
860 224 863 232 “
930 220 967 279 51

77 393 249 452 camporum
270 372 419 450 complent
439 371 511 431 belli
533 371 691 430 simulacra
712 368 831 446 cientes,

77 471 177 547 fulgor
195 468 240 527 ibi
259 467 299 526 ad
321 468 434 526 coelum
455 485 487 524 se
506 465 588 524 tollit
608 472 730 542 totaque
751 465 862 524 circum
911 464 969 523 325

77 584 146 624 aere
168 563 327 623 renidescit
348 562 437 620 tellus
457 568 617 639 supterque
636 561 736 619 virum
756 562 789 619 vi

78 659 197 718 excitur
216 658 341 736 pedibus
361 657 476 717 sonitus
497 657 681 734 clamoreque
703 664 819 716 montes

78 757 133 815 icti
155 755 300 815 reiectant
320 773 407 813 voces
430 753 585 813 adsidere
605 754 711 812 mundi

79 858 112 911 et
134 852 374 910 circumvolitant
394 851 510 928 equites
529 851 698 928 mediosque
718 855 840 928 repente

78 948 255 1008 tramittunt
276 948 376 1006 valido
391 949 559 1025 quatientes
576 947 686 1027 impete
707 967 832 1025 campos
915 948 973 1007 330

80 1052 114 1105 et
133 1053 235 1105 tamen
251 1051 299 1104 est
317 1045 438 1122 quidam
456 1045 538 1103 locus
557 1044 629 1102 altis
645 1044 796 1102 montibus
814 1043 894 1103 unde

80 1148 162 1202 stare
178 1142 320 1201 videntur
338 1148 370 1201 et
390 1142 424 1200 in
443 1141 555 1219 campis
579 1142 737 1200 consistere
756 1141 862 1219 fulgor.

83 1331 143 1390 lte
156 1329 258 1407 stapes
277 1328 315 1405 of
325 1337 418 1388 aloem
435 1348 486 1388 ore
506 1327 633 1389 various.
674 1326 772 1409 Hence
789 1347 865 1386 coena
883 1326 977 1404 dffer-

136 1450 223 1500 σηοω,
247 1449 315 1488 evea
336 1425 511 1487 mittitete
535 1445 614 1486 sense
637 1425 749 1503 species,
774 1446 830 1503 aq.
858 1425 977 1485 between

136 1527 235 1600 caloes,
248 1525 354 1603 pruine
367 1523 405 1600 of
410 1544 489 1598 coro,
503 1521 652 1583 eea-sltella

123 1640 215 1700 Nunc
228 1659 282 1718 age
294 1639 355 1698 iam
368 1639 505 1716 deinceps
518 1644 691 1697 cunctarum
704 1637 825 1696 exordia
838 1657 938 1697 rerum

83 1739 185 1818 qualia
205 1739 267 1798 sint
285 1745 317 1798 et
338 1758 428 1816 quam
449 1738 536 1815 longe
557 1737 702 1796 distantia
722 1737 826 1796 formis

82 1835 211 1913 percipe,
232 1834 404 1911 multigenis
425 1854 514 1912 quam
535 1834 597 1892 sint
618 1833 736 1891 variata
755 1833 878 1910 figuris3
920 1833 977 1892 335

83 1955 146 1994 non
167 1953 225 2012 quo
243 1934 340 1993 multa
358 1953 465 2011 parum
485 1933 576 1991 simili
597 1932 660 1991 sint
680 1930 816 2008 praedita
834 1932 938 2004 forma,

83 2031 137 2090 sed
155 2031 226 2108 quia
245 2049 307 2089 non
329 2029 416 2107 volgo
438 2029 523 2107 paria
545 2028 683 2087 omnibus
701 2028 801 2086 omnia
821 2033 969 2090 constant.

83 2146 141 2187 neo
159 2128 268 2186 mirum
278 2147 288 2201 ς
307 2147 377 2185 nam
397 2145 463 2184 cum
484 2127 526 2185 sit
542 2145 645 2184 eorum
668 2125 753 2203 copia
773 2131 861 2184 tanta

85 2229 123 2282 ut
143 2243 239 2302 neque
259 2224 336 2298 finis,
357 2225 404 2282 uti
425 2223 520 2296 docui,
542 2242 638 2300 neque
659 2240 774 2281 summa
795 2223 837 2280 sit
855 2217 924 2292 ulla',

85 2321 197 2380 debent
217 2321 359 2380 nimirum
379 2340 441 2379 non
459 2321 596 2379 omnibus
613 2320 714 2379 omnia
730 2338 866 2398 prorsum
921 2318 980 2378 340

20 2458 24 2463 -
85 2437 151 2481 esse
167 2420 233 2496 pari
253 2420 303 2477 lilo
322 2419 472 2494 similique
491 2417 609 2475 adfecta
626 2417 728 2494 figura.

85 2518 254 2590 praetereat
266 2532 359 2590 genus
372 2513 537 2570 humanum
550 2517 709 2589 mutaeque
722 2516 862 2571 natantes

85 2606 305 2684 squamigerum
328 2606 455 2684 pecudes
472 2611 505 2665 et
522 2605 602 2664 laeta
621 2611 757 2663 armenta
776 2604 915 2680 feraeque

86 2707 120 2760 et
139 2703 238 2760 variae
258 2702 400 2776 volucres,
423 2702 569 2760 laetantia
586 2721 662 2779 quae
679 2701 744 2760 loca
764 2719 909 2778 aquarum

86 2795 294 2856 concelebrant
316 2797 427 2856 circum
448 2797 529 2874 ripas
544 2796 695 2874 fontisque
715 2796 864 2872 lacusque,
922 2796 982 2857 345

86 2899 119 2952 et
137 2911 213 2970 quae
233 2894 408 2972 pervolgant
427 2914 549 2953 nemora
572 2895 641 2953 avia
662 2895 893 2974 pervolitantes3

87 3009 214 3068 quorum
232 3009 326 3048 unum
346 2990 464 3068 quidvis
484 2991 647 3068 generatim
667 3010 782 3050 sumere
799 3009 897 3069 perge,

86 3088 223 3147 invenies
245 3095 346 3147 tamen
362 3089 444 3147 inter
463 3107 495 3148 se
513 3089 632 3148 differre
649 3089 760 3166 figuris

87 3203 144 3244 nec
158 3183 274 3244 ratione
294 3184 353 3243 alia
372 3186 470 3264 proles
491 3204 665 3264 cognoscere
688 3192 813 3245 matrem

88 3300 144 3342 nec
161 3287 257 3341 mater
276 3290 375 3359 posset
392 3283 524 3360 prolem3
545 3285 625 3362 quod
642 3303 726 3362 posse
744 3284 880 3343 videmus
923 3283 983 3342 350

88 3395 144 3436 nec
162 3374 261 3434 minus
283 3381 373 3454 atque
394 3376 527 3436 homines
550 3378 631 3436 inter
648 3397 680 3437 sc
703 3385 776 3436 nota
794 3378 899 3436 cluere.

824 3480 911 3538 4-0.
