2198 3764
445 206 576 270 LIBER
598 207 665 271 ΙΙΙ.

108 352 290 414 adficiuntur
309 361 341 414 et
360 355 481 414 omnino
501 355 581 433 quod
600 357 713 416 semina
732 357 814 425 vocis
854 434 855 438 Ἰ
939 426 941 430 ³
978 425 981 432 ,

107 451 258 511 eiciuntur
277 459 308 512 et
327 472 377 512 ore
397 453 477 512 iores
495 454 659 532 glomerate
677 454 817 514 feruntur

107 569 168 627 qua
186 550 272 628 quasi
292 558 474 610 consuerunt
493 558 526 610 et
544 559 617 611 sunt
636 553 754 612 munite
773 553 842 614 viai
912 537 913 541 Ἰ
951 562 954 569 ’

107 645 283 725 desipientia
301 647 346 722 fit,
366 649 437 725 quia
456 648 503 706 vis
522 648 616 706 animi
635 655 725 727 atque
744 651 856 709 animai

107 745 304 803 conturbatur
322 750 363 816 et,
383 750 420 803 ut
439 745 537 818 docui,
558 746 655 805 divisa
674 766 805 807 seorsum
946 750 1008 810 500

106 839 283 899 disiectatur
302 841 407 900 eodem
425 842 479 900 illo
498 841 644 902 distracta
663 863 786 904 veneno.

105 934 178 994 inde
197 936 250 994 ubi
269 936 329 994 iam
349 937 445 996 morbi
464 938 583 997 reflexit
600 957 690 998 causa
708 939 845 1017 reditque

105 1035 140 1093 in
158 1034 288 1094 latebras
308 1056 375 1094 acer
393 1036 526 1114 corrupti
545 1038 675 1114 corporis
694 1056 789 1109 umor,

104 1138 172 1190 tum
195 1133 281 1209 quasi
301 1133 462 1191 vaccillans
485 1133 615 1211 primum
638 1134 790 1210 consurgit
809 1139 841 1192 et
862 1134 958 1193 omnis

104 1231 251 1308 paulatim
271 1232 351 1290 redit
369 1232 403 1290 111
422 1250 527 1290 sensus
545 1232 725 1309 ruinamque
744 1238 883 1308 receptat.
945 1232 1004 1292 505

103 1328 177 1388 baec
196 1330 290 1406 igitur
309 1329 405 1389 tantis
424 1331 477 1388 ubi
497 1330 608 1389 morbis
627 1348 749 1408 corpore
768 1330 801 1387 in
819 1330 884 1407 ipso
1007 1316 1009 1320 ¹

103 1427 254 1487 iactentur
273 1428 447 1506 miserisque
465 1428 561 1488 modis
580 1427 724 1487 distracta
742 1429 888 1496 laborent,

103 1545 158 1585 cur
177 1526 280 1586 eadem
300 1527 397 1585 credis
417 1527 482 1585 sine
501 1544 623 1604 corpore
642 1527 676 1584 in
696 1545 763 1585 aere
783 1533 886 1603 aperto
909 1569 912 1575 -

103 1643 172 1683 cum
192 1624 301 1684 validis
320 1624 420 1684 ventis
438 1630 567 1682 aetatem
587 1623 693 1701 degere
712 1623 810 1702 pessel

124 1778 193 1859 (vii)
234 1779 315 1856 Plcey
328 1800 385 1840 cure
398 1779 429 1839 be
442 1779 534 1840 oswod
546 1778 584 1857 by
597 1778 750 1854 caedicius,
765 1777 822 1838 tto
835 1778 880 1838 tle
893 1777 974 1856 body.

100 1928 134 1981 et
153 1922 295 2000 quoniam
315 1928 446 1981 mentem
467 1922 575 1996 senari,
597 1941 703 2000 corpus
723 1928 759 1982 ut
778 1942 909 2001 aegrum,
943 1924 1002 1984 510
1056 1994 1063 2005 t

101 2019 252 2078 cernimus
271 2024 304 2078 et
322 2019 403 2079 flecti
423 2019 570 2079 medicina
588 2038 673 2096 posse
692 2019 835 2093 videmus,
995 2083 1000 2099 ,

101 2116 135 2175 id
153 2135 270 2196 quoque
290 2116 440 2194 praesagit
458 2115 615 2174 mortalem
634 2115 736 2175 vivero
756 2123 893 2175 mentem
996 2186 999 2194 ι

100 2215 211 2276 addere
231 2216 311 2275 enim
330 2216 426 2294 partis
445 2221 500 2274 aut
519 2213 622 2273 ordine
642 2213 784 2272 traiecere
804 2218 937 2272 aecumst

101 2318 158 2373 aut
176 2313 290 2391 aliquid
310 2333 429 2391 prosum
450 2313 488 2372 da
507 2331 624 2370 summa
642 2311 797 2370 detrahere
816 2310 920 2383 hilum,

100 2415 284 2477 commutare
303 2409 438 2467 animum
457 2407 636 2485 quicumque
655 2404 791 2464 adoritur
810 2410 841 2463 et
860 2404 930 2464 infit
942 2403 1001 2464 515

100 2512 157 2567 eut
176 2506 266 2565 aliam
285 2505 421 2583 quamvis
440 2511 579 2561 naturam
599 2487 718 2560 flectere
737 2500 861 2577 quaerit

99 2612 135 2666 at
154 2624 251 2683 nequa
270 2602 427 2663 transferri
446 2601 506 2660 sibi
524 2598 619 2678 partis
638 2616 693 2656 neo
711 2595 806 2654 tribui
825 2596 893 2654 vult

99 2699 270 2759 immortale
288 2698 368 2776 quod
388 2701 436 2756 est
455 2695 613 2774 quicquam
632 2710 729 2770 neque
748 2691 878 2751 defluere
896 2691 1000 2753 hilum.

98 2819 172 2858 111111
191 2798 396 2876 quodcumque
415 2795 479 2854 suis
497 2797 649 2852 mutatum
668 2791 779 2850 finibus
797 2791 871 2865 exit,

99 2895 245 2956 continuo
264 2894 320 2954 hoc
340 2913 419 2953 mors
437 2898 485 2951 cst
503 2891 587 2950 illius
605 2889 685 2967 quod
705 2889 766 2948 fuit
785 2894 864 2948 ante.
942 2889 1001 2949 520

99 3011 172 3071 ergo
190 2993 308 3051 animus
328 2991 392 3050 sive
412 2989 565 3068 aegrescit,
586 2987 724 3046 mortalia
743 2986 829 3063 signa

98 3089 207 3162 mittit,
218 3090 274 3147 uti
293 3088 390 3160 docui,
410 3106 464 3145 seu
484 3085 616 3144 flectitur
636 3103 655 3142 1
673 3082 829 3143 medicina.

97 3206 196 3266 usque
215 3186 288 3246 adeo
308 3186 400 3244 falsae
419 3183 530 3243 rationi
548 3200 621 3241 vera
639 3180 761 3240 videtur

97 3304 149 3345 res
168 3303 322 3344 occurrere
342 3289 373 3343 et
392 3283 536 3360 effugium
554 3279 744 3359 praecludere
763 3278 849 3339 eunti

98 3381 285 3460 ancipitique
305 3381 439 3440 refutatu
458 3376 632 3438 convincere
652 3375 768 3435 falsum.
941 3372 1000 3432 525

841 3481 927 3544 ‘l-‘b
1040 3518 1047 3531 -
