2198 3764
147 214 190 278 '34
499 209 695 316 WCREPI

150 352 441 439 tantundem'part'is
464 363 615 422 infinitum
636 383 723 422 omne
746 363 908 441 relinquit¹

150 466 303 537 praeterea
324 461 351 518 si
370 461 431 518 iam
454 461 572 520 finitum
594 463 795 523 constituatur

151 577 238 616 omne
255 557 343 635 quod
357 563 406 617 ‘est
423 559 561 636 spatium,
583 560 676 637 siquis
694 565 848 636 procurrat
869 560 909 619 ad
931 579 1003 620 oras

151 655 275 714 ultimus
295 661 443 715 extremas
462 656 610 734 iaciatque
630 657 750 716 volatile
770 659 873 732 telum,
996 659 1054 720 970

151 751 183 809 id
202 752 310 811 validis
325 758 433 810 'utrum
452 759 622 811 contortum
641 754 757 811 viribus
776 754 820 812 ire

152 869 211 928 quo
230 851 322 909 fuerit
340 852 577 931 missumwsnavis
597 851 741 929 longeque
760 853 869 924 volare,

152 967 192 1005 an
214 937 368 1025 prohibere
387 932 501 1027 aliquid
522 969 623 1008 censes
646 951 821 1027 obstareque
841 950 946 1028 posset
1018 1022 1022 1031 ¹

152 1046 330 1103 alterutrum
353 1043 475 1103 fatearis
497 1046 576 1103 anim
597 1065 753 1124 sumasque
772 1055 928 1106 necessest

152 1160 278 1217 quorum
292 1147 451 1219 utrumque
461 1143 518 1199 tibi
528 1142 670 1219 effugium
679 1143 844 1220 praecludit
854 1150 987 1205 etomne
999 1145 1056 1206 975

154 1239 233 1316 cogit
253 1247 288 1298 ut
307 1247 446 1316 exempta
466 1240 608 1298 concedas
626 1241 685 1299 fine
706 1245 816 1317 patere

153 1358 222 1396 uam
243 1338 306 1397 sive
326 1345 372 1396 est
391 1337 500 1413 eliquit
520 1336 599 1414 quod
619 1336 743 1414 probeat
764 1336 935 1416 efficiatque

154 1435 303 1512 quominu'
324 1453 383 1511 quo
403 1434 525 1492 missum
546 1439 592 1492 est
611 1435 713 1492 veniat
732 1434 844 1511 finique
863 1436 946 1494 locet
966 1455 1008 1510 se,

154 1531 217 1589 sive
236 1530 316 1588 foras
337 1530 443 1602 fertur,
463 1547 524 1586 non
543 1534 591 1587 est
609 1549 628 1586 a
647 1532 707 1588 fine
726 1531 900 1607 profectum.

155 1627 209 1684 hoo
228 1631 317 1703 pacto
336 1644 441 1702 sequar
460 1630 559 1701 atque,
580 1645 647 1684 oras
667 1626 845 1703 ubicumque
865 1627 977 1687 locaris
1000 1627 1055 1687 980

155 1730 311 1796 extremas,
333 1740 473 1798 quaeram
493 1721 565 1797 quid
585 1721 645 1780 telo
666 1722 792 1799 denique
812 1724 874 1784 fiat.

156 1821 208 1877 fiet
227 1818 275 1876 uti
293 1837 438 1895 nusquam
458 1820 553 1894 possit
572 1818 731 1877 consistere
750 1818 819 1876 finis

156 1915 355 1992 effugiumque
375 1915 462 1990 fugae
480 1915 610 1992 prolatet
628 1917 712 1992 copia
731 1934 853 1992 semper.

161 2060 165 2069 ,
196 2012 354 2072 Praeterea
373 2011 501 2088 spatium
522 2012 649 2069 summai
667 2012 763 2071 totius
782 2031 870 2070 omne

157 2108 288 2185 undique
307 2108 333 2166 si
352 2107 501 2165 inclusum
521 2107 611 2165 certis
631 2109 806 2167 consisteret
828 2108 890 2166 oris
1001 2110 1054 2170 ast

157 2205 335 2280 finitumque
357 2203 445 2275 foret,
465 2203 525 2260 iam
547 2203 632 2280 copia
652 2204 789 2262 materiai

152 2299 289 2377 undique
308 2298 488 2376 ponderibus
508 2298 619 2356 solidis¹
632 2299 782 2356 confluxet
801 2296 840 2355 ad
861 2297 962 2357 imum

157 2416 212 2456 neo
231 2415 279 2455 res
300 2395 363 2452 ulla
381 2394 445 2471 geri
465 2396 521 2453 sub
542 2395 616 2453 caeli
639 2396 769 2471 tegmine
790 2401 891 2472 posset

158 2515 212 2554 nec
233 2494 313 2553 foret
330 2495 451 2552 omnine
474 2493 588 2552 caelum
608 2513 704 2571 neque
725 2493 840 2552 lumina
860 2494 944 2571 solis,

158 2594 267 2670 quippe
288 2591 341 2650 ubi
361 2591 501 2649 materies
520 2590 616 2648 omnis
638 2591 788 2649 cumulata
810 2591 925 2652 iaceret
1002 2594 1057 2655 990

158 2709 197 2748 ex
216 2689 334 2747 infinito
355 2689 415 2746 iam
436 2693 567 2764 tempore
588 2687 774 2750 subsidendo.

159 2791 193 2844 at
211 2804 291 2843 nunc
310 2785 453 2842 nimimm
473 2784 589 2862 requies
609 2785 679 2842 data
698 2782 914 2862 principiorum

160 2883 331 2959 corporibus
349 2881 470 2954 nullast,
491 2880 562 2957 quia
581 2881 626 2938 nil
646 2887 692 2938 est
711 2881 849 2939 funditus
868 2881 968 2942 imum

160 2998 219 3058 quo
238 2978 325 3055 quasi
343 2977 489 3036 confluere
508 2982 541 3036 et
560 2978 643 3035 sedes
662 2978 716 3035 ubi
734 2996 844 3054 ponere
863 2981 991 3055 possint.

161 3093 276 3152 semper
294 3074 328 3132 iu
346 3073 471 3132 adsiduo
490 3080 574 3132 motu
594 3093 641 3131 res
661 3092 793 3151 quaeque
813 3083 964 3150 geruntur
1003 3077 1055 3136 995

161 3171 296 3250 partibus
315 3189 331 3227 a
349 3169 465 3227 cunctis
484 3168 659 3245 internaque
680 3167 915 3246 suppeditantur

162 3289 202 3329 ex
220 3267 339 3328 infinito
358 3267 419 3324 cita
437 3285 558 3343 corpora
577 3266 721 3326 materiai.

151 3373 312 3447 ¹postremo
331 3369 403 3423 ante
422 3364 522 3422 oculos
540 3382 588 3422 ree
607 3382 670 3422 rem
690 3361 776 3420 finire
795 3361 921 3422 videtur
930 3382 942 3440 ς
