2198 3764
421 207 553 266 erare
580 203 626 268 Π.
930 160 968 264 ss

72 357 173 413 taetus
193 353 280 426 enim,
302 358 410 427 tactus,
430 373 484 432 pro
503 353 607 412 divum
627 353 752 413 numina
771 361 881 430 sanata,

73 450 204 527 eorporis
223 456 270 508 est
288 469 400 522 sensus,
421 450 470 508 vel
489 469 557 508 oum
576 469 624 508 res
644 456 748 509 extem
767 469 830 509 sese
912 451 970 511 435

71 547 215 619 insinuat,
236 546 285 606 vel
304 567 372 606 cum
392 547 485 606 laedit
503 567 580 625 quaa
599 548 633 608 in
651 568 772 627 corpore
791 555 893 608 natast

71 650 128 705 aut
146 646 232 705 iuvat
251 647 402 723 agrediens
421 647 559 723 genitalis
579 666 633 725 per
653 646 779 706 Veneris
799 667 856 720 res,

73 749 129 801 aut
147 763 186 802 ex
205 744 319 802 offensu
338 763 407 802 cum
426 745 552 803 turbant
571 764 691 822 corpore
710 745 744 803 in
763 745 828 822 ipso

72 840 186 898 semina
206 840 449 916 confunduntque
467 842 548 900 inter
568 861 599 900 se
621 841 739 900 concita
759 859 896 915 sensum3

72 941 110 994 ut
130 935 157 994 si
177 936 255 995 forte
276 956 367 996 manu
388 937 524 1015 quamvis
544 937 604 995 iam
626 937 841 1020 corporis-ipse
910 938 970 996 440

72 1037 141 1091 tute
159 1032 217 1091 tibi
236 1039 352 1111 partam
374 1033 464 1092 ferias
483 1040 573 1111 atque
592 1034 754 1111 experiare.

72 1137 253 1209 quapropter
272 1131 358 1208 longe
377 1131 488 1190 formas
507 1131 618 1209 distare
637 1137 784 1190 necessest

70 1227 236 1306 principiis,
258 1230 356 1286 varios
378 1247 454 1305 quae
474 1228 590 1306 possint
610 1228 697 1287 edere
718 1247 828 1288 sensus.

72 1402 173 1461 nana
185 1402 223 1478 of
229 1401 308 1462 hard
319 1403 417 1480 things
430 1424 481 1462 are
493 1403 617 1463 tookcd:
637 1403 775 1481 osstaids
790 1403 920 1465 smootlr:
938 1403 978 1480 of

86 1502 181 1563 sneoke
193 1512 241 1563 cta
251 1503 359 1579 ehorp:
379 1503 416 1578 of
421 1503 563 1563 cambriae
573 1504 667 1578 reugls
675 1504 738 1562 aad
744 1504 842 1563 round
849 1504 954 1562 minaci.

113 1615 256 1694 Denique
272 1635 348 1693 quae
368 1616 454 1674 nobis
475 1616 583 1674 durata
604 1635 638 1674 ae
658 1617 752 1694 spissa
773 1616 923 1689 videntur,

71 1713 146 1772 haec
166 1713 260 1790 magis
281 1713 409 1772 hamatis
430 1713 511 1772 inter
531 1732 594 1773 sese
615 1733 677 1772 esse
698 1721 846 1773 necessest
909 1715 968 1774 445

71 1817 104 1868 et
124 1810 209 1887 quasi
228 1810 352 1868 ramosis
372 1810 432 1868 alte
454 1817 606 1887 compacta
625 1811 726 1869 teneri

71 1906 105 1963 in
126 1923 185 1982 quo
201 1905 265 1980 jam
286 1922 393 1982 genere
414 1905 447 1963 in
467 1886 572 1982 primis
592 1904 784 1964 adamantina
805 1924 878 1966 saxa

70 2002 169 2080 prima
188 2001 251 2060 acie
271 2007 410 2061 constant
429 2003 507 2061 ictus
528 2008 716 2062 contemnere
736 2007 822 2062 sueta

71 2106 104 2159 et
124 2100 217 2159 validi
238 2100 334 2159 silices
355 2120 390 2159 ae
413 2101 482 2159 duri
501 2102 607 2160 robora
627 2101 701 2161 terri

71 2216 199 2275 nemque
219 2216 296 2274 quae
317 2197 453 2255 claustris
474 2197 620 2256 restantia
640 2197 849 2260 vociferantur.
910 2199 969 2256 450

70 2295 126 2353 illa
144 2293 263 2372 quidem
283 2294 430 2353 debente
451 2293 566 2352 levibus
586 2301 677 2372 atque
698 2295 839 2354 rutundis

71 2411 136 2451 esse
155 2392 256 2469 magis,
277 2392 390 2451 fluvido
411 2410 487 2469 quae
508 2411 629 2470 corpore
648 2392 761 2471 liquida
782 2397 922 2452 constant
931 2413 941 2467 3

71 2608 128 2647 nec
148 2587 316 2646 retinentur
337 2588 417 2647 enim
438 2589 572 2647 interae
593 2587 804 2666 glomeramina
822 2607 957 2666 quaeque

71 2692 103 2746 et
125 2704 281 2763 procursus
301 2686 374 2744 item
394 2687 524 2762 proclive
543 2685 683 2744 volubilis
702 2689 811 2761 exstat
909 2687 968 2743 455

71 2783 173 2842 omnia
193 2789 342 2861 postremo
362 2801 439 2860 quae
457 2787 568 2861 puncto
588 2788 720 2859 tempore
740 2781 837 2841 cernis
883 2809 888 2819 ·

71 2881 224 2958 diffugere,
244 2885 281 2939 nt
299 2880 416 2938 fumum
437 2880 561 2940 nebulas
581 2880 781 2958 flammasque,
799 2885 953 2954 necessest,

71 2978 99 3036 si
118 2978 218 3037 minus
237 2977 367 3038 omnibu’
381 2984 461 3037 'sunt
481 2997 498 3037 e
516 2978 633 3037 levibns
652 2984 742 3055 atque
760 2978 908 3052 rutundis,

70 3082 107 3135 at
126 3094 188 3136 non
204 3095 268 3136 esse
288 3081 391 3136 tamen
409 3075 558 3154 perplexis
578 3075 761 3153 indupedita,

72 3191 204 3251 pungere
224 3172 272 3231 nti
291 3172 406 3250 possint
426 3191 531 3250 eorpus
550 3177 764 3250 penetrareque
784 3191 874 3244 vesca,
909 3171 968 3230 460
1024 3242 1029 3251 Ι

72 3289 129 3329 neo
149 3275 250 3328 tamen
271 3268 392 3329 haerare
411 3269 491 3328 inter
510 3289 541 3328 se
550 3287 560 3344 ς
583 3268 788 3347 quodcumque
807 3268 941 3327 videmus

73 3368 201 3428 sensibu'
223 3367 368 3441 sedatum,
390 3367 477 3427 facile
498 3372 534 3427 ut
554 3386 726 3445 cognoscere
746 3366 839 3445 possis
943 3374 966 3425 s

883 3518 902 3583 l‘

873 3604 878 3615 ,

874 3646 945 3725 χ
