2198 3764
151 220 189 280 66
506 218 697 280 LUORETI

150 365 273 443 proinde
293 364 388 423 colore
408 383 480 422 cave
500 365 654 442 contingas
673 366 786 424 semina
804 387 917 440 rerum,
998 368 1053 432 75⁵

150 482 190 522 ne
208 462 266 520 tibi
284 481 332 522 res
351 461 474 521 redeant
493 463 532 522 ad
551 463 648 522 nilum
667 463 805 523 funditus
824 484 941 526 omnes.

153 636 202 717 (ii)
229 635 270 713 If
276 636 374 696 661666
390 637 417 696 a‘s
435 636 491 696 dua
509 646 537 695 to
557 636 833 710 6611666666111661·
851 635 1052 715 qfatornsuo

192 755 248 794 cora
260 743 381 794 66666116
385 734 443 811 sor
455 734 579 810 66661966
592 733 629 810 of
636 734 761 794 colam
748 755 782 793 611
795 754 851 794 aaa
899 735 1051 796 osherem

191 830 1051 950 washoadlseceoa‘iourcolowsmisedapiatlrdtoftdo

191 949 249 1006 aaa,
264 949 298 989 66
310 928 574 1005 varimwflquras
561 950 596 988 611
608 949 629 988 a
641 949 754 1006 equora.

192 1041 394 1101 Praeterea
370 1062 397 1100 sr
415 1042 501 1100 nulla
520 1041 625 1100 coloris
644 1041 798 1120 principiis
817 1049 864 1102 est

153 1141 270 1201 reddita
289 1147 398 1200 natura
417 1146 449 1199 66
468 1141 559 1200 variis
579 1146 652 1200 sunt
670 1141 806 1219 praedita
825 1141 942 1216 formis,

153 1239 298 1317 equibus
318 1258 405 1297 omne
424 1257 518 1315 genus
536 1237 665 1315 gignunt
683 1239 860 1316 variantque
881 1240 997 1300 colores

153 1341 318 1414 propterea,
338 1336 439 1412 magni
458 1335 537 1412 quod
557 1335 649 1393 refert
667 1335 780 1394 semina
799 1354 936 1414 quaeque
997 1335 1051 1399 760

154 1454 222 1492 cum
241 1435 349 1512 quibus
368 1439 400 1492 66
419 1433 501 1510 quali
520 1433 654 1510 positura
673 1433 885 1492 contineantur

154 1538 186 1590 et
204 1551 279 1610 quos
297 1532 378 1590 inter
397 1550 429 1589 se
449 1530 523 1589 dent
541 1536 641 1589 motus
659 1531 874 1609 accipiantque,

154 1630 294 1707 perfacile
312 1627 463 1705 extemplo
482 1628 628 1688 rationem
647 1629 770 1688 reddere
789 1629 887 1706 possis

155 1744 209 1784 cur
228 1745 264 1783 ea
283 1743 359 1802 quae
378 1726 463 1800 nigro
483 1723 598 1783 fuerint
616 1725 706 1802 paulo
725 1732 795 1784 ante
815 1726 924 1800 colore,

155 1841 317 1880 marmoreo
336 1821 402 1879 fieri
421 1821 537 1898 possint
556 1823 682 1882 candore
701 1827 841 1900 repente;
999 1825 1051 1886 765

155 1924 192 1976 66
210 1937 300 1990 mare,
320 1936 387 1975 cum
408 1916 508 1994 magni
527 1924 714 1978 commorunt
731 1938 859 1997 aequora
878 1922 979 1994 venti,

154 2015 285 2074 vertitur
304 2014 337 2071 in
356 2033 444 2081 canos
464 2013 604 2073 candenti
623 2034 768 2075 marmore
787 2017 898 2076 fluctus
903 2037 913 2092 3

155 2113 253 2172 dicere
271 2112 351 2170 enim
370 2111 474 2188 possis,
493 2110 613 2189 nigrum
632 2113 712 2190 quod
731 2132 818 2190 saepe
837 2114 989 2190 videmus,

154 2210 293 2269 materies
312 2209 531 2286 ubipermixta
550 2214 597 2267 est
615 2209 697 2268 illius
716 2216 749 2268 et
767 2210 839 2269 ordo

155 2304 309 2383 principiis
321 2310 455 2363 mutatus
467 2311 500 2364 et
511 2304 615 2364 addita
627 2305 804 2383 demptaque
817 2307 979 2384 quaedam,
1000 2308 1053 2371 770

155 2402 296 2461 continuo
316 2400 348 2458 id
368 2401 435 2458 fieri
453 2407 489 2459 ut
509 2400 638 2460 candens
657 2401 797 2461 videatur
815 2408 847 2462 et
867 2405 984 2468 album.

155 2500 235 2579 quod
254 2499 281 2558 si
300 2497 442 2557 caeruleis
462 2504 633 2557 constarent
651 2517 780 2575 aequora
798 2500 886 2576 ponti

156 2595 326 2667 seminibus,
346 2594 431 2652 nullo
449 2599 570 2671 possent
589 2595 736 2653 albescere
754 2602 842 2672 pacto
847 2613 858 2669 3

156 2711 226 2750 nam
246 2709 430 2768 quocumque
450 2690 538 2749 modo
556 2692 712 2768 perturbes
732 2692 849 2750 caerula
867 2711 950 2771 quae
968 2698 1037 2772 sint,

156 2807 317 2864 numquam
327 2788 360 2844 in
370 2806 565 2846 marmoreum
575 2794 700 2865 possunt
709 2789 835 2866 migrare
845 2791 989 2856 colorem.
1002 2797 1019 2860 7
1021 2799 1037 2858 7
1038 2795 1054 2856 5

157 2883 205 2941 616
223 2883 283 2941 6116
301 2887 391 2959 atque
411 2882 470 2940 6116
489 2887 562 2942 sunt
580 2883 694 2950 semina
712 2884 808 2942 tincta
825 2884 930 2946 colore
1046 2922 1049 2931 ·

157 2998 233 3058 quae
252 2981 343 3038 maris
361 2979 493 3038 efficiunt
513 3000 606 3039 unum
626 3000 792 3059 purumque
810 2983 956 3061 nitorem,

157 3082 195 3137 ut
212 3095 300 3153 saepe
318 3095 357 3135 ex
376 3077 444 3135 aliis
463 3076 567 3136 formis
586 3078 734 3156 variisque
753 3078 857 3155 figuris

157 3175 285 3233 efficitur
304 3173 444 3250 quiddam
463 3175 640 3252 quadratum
660 3194 778 3252 unaque
797 3177 911 3254 figura,

158 3271 359 3344 conveniebat,
381 3271 467 3330 utin
487 3273 632 3349 quadrato
652 3275 799 3332 cernimus
818 3293 884 3334 esse
1000 3278 1049 3344 786

158 3369 314 3429 dissimiles
333 3369 448 3443 formas,
469 3369 650 3455 1666616616
669 3371 703 3430 in
722 3391 849 3450 aequore
868 3377 960 3453 ponti
