2198 3764
158 213 217 290 10'4
484 261 488 271 -
510 217 699 290 uuonan!

52 436 61 446 ,
155 384 234 451 sunt,
256 392 288 436 et
306 376 360 436 ubi
379 373 520 454 quiequid
539 376 634 454 possit
651 375 759 435 durare
779 371 927 448 ereetum}

155 479 246 550 atque
265 473 310 532 ita
329 473 513 532 multimodis
533 473 653 550 partitis
672 471 799 530 artubus
818 491 894 544 esse,
1002 471 1055 530 620

154 571 353 629 membrorum
372 576 409 628 ut
427 584 591 647 numquam
610 567 722 627 existat
735 573 949 645 praeposterus
963 569 1053 627 ordol
1084 606 1088 615 »

67 670 71 677 ’
154 667 342 743 usqueadeo
362 666 498 743 sequitur
516 684 565 724 res
584 684 648 723 rem
667 683 764 743 neque
783 665 909 723 flamma
929 667 1026 724 creari

155 764 327 822 fluminibus
346 763 464 822 solitast
483 781 579 839 neque
599 763 633 819 in
652 761 716 838 igni
735 761 852 838 gignier
872 761 967 838 algor.

179 929 280 1011 (xviii)
323 929 365 988 To
375 927 440 1005 feel
451 934 539 1005 oport
550 926 637 1003 from
651 927 695 986 tlte
709 925 783 1003 body
795 925 840 985 tlte
852 925 921 984 sorel
936 925 1032 986 would

476 1027 546 1085 need
556 1024 618 1100 five
630 1043 728 1083 antaee

82 1163 85 1169 '
195 1150 353 1210 Praeterea
373 1149 400 1209 si
418 1146 585 1207 inmortalia
604 1152 713 1205 natura
732 1143 875 1204 animaist

155 1255 187 1307 et
205 1249 315 1308 sentire
335 1253 433 1326 potest
452 1253 565 1306 secreta
584 1260 603 1304 a
623 1263 743 1336 corpore
762 1250 875 1318 nostro,
910 1301 913 1306 ,
1000 1242 1049 1303 625

155 1346 294 1423 quinque,
305 1352 341 1403 ut
350 1345 461 1422 opinor,
472 1362 537 1401 eam
546 1341 721 1401 faciundum
728 1346 774 1400 est
781 1341 920 1400 sensibus
928 1347 1049 1414 auctam

155 1460 210 1500 nee
229 1443 345 1501 ratione
364 1441 424 1499 alia
443 1445 560 1499 nosmet
578 1456 741 1517 proponere
761 1439 848 1498 nobis

155 1558 309 1618 possumus
328 1539 461 1598 infernas
480 1537 595 1597 animas
614 1537 789 1595 Acherunte
809 1536 926 1613 vagari.

146 1637 282 1714 'pictores
301 1632 403 1712 itaque
423 1641 455 1693 et
474 1634 651 1712 scriptorum
671 1634 766 1692 saecla
784 1633 885 1710 priora

144 1723 197 1790 'sio
217 1731 332 1791 animas
351 1727 432 1790 intro
451 1730 606 1791 duxerunt
622 1729 759 1788 sensibus
777 1733 890 1787 auctas
997 1729 1048 1788 630

155 1836 188 1887 at
207 1845 304 1906 neque
324 1847 438 1887 sorsum
458 1827 538 1886 oculi
557 1845 653 1903 neque
672 1840 759 1883 nares
778 1840 834 1883 neo
854 1844 965 1884 manus
984 1826 1043 1904 ipsa

155 1944 218 1984 esse
231 1930 331 2002 potest
344 1926 460 1984 animae
473 1944 568 2002 neque
582 1943 695 1982 sorsum
709 1924 820 2000 lingua,
835 1943 937 2002 neque
950 1944 1033 1983 aures

155 2021 262 2101 *Q
280 2040 334 2099 per
353 2040 385 2079 se
403 2026 529 2098 possunt
548 2019 660 2079 sentire
679 2031 775 2096 neque
795 2038 867 2079 esse.

21 2105 90 2170 ωό
122 2099 290 2200 ιὸῠῖυμ

163 2184 258 2266 (xix)
298 2182 391 2244 Minu
403 2183 543 2244 andaoni
556 2181 733 2260 conbeclejl
746 2184 779 2244 in
793 2185 885 2245 twain
898 2183 972 2247 walle
985 2185 1029 2248 tle

303 2281 384 2358 body.
426 2280 655 2342 Instruere-in
667 2281 760 2355 battle,
774 2282 905 2344 onmlce.

194 2402 237 2462 Et
255 2402 396 2480 quoniam
416 2407 482 2461 toto
501 2402 648 2461 sentimus
667 2422 789 2480 oorpore
808 2400 908 2471 inesse

154 2502 277 2564 vitalem
296 2519 414 2558 sensum
434 2505 466 2558 et
485 2505 582 2559 totum
601 2519 665 2560 esse
684 2501 813 2561 animale
833 2502 982 2580 videmus,
998 2502 1050 2563 635

155 2599 182 2656 si
201 2597 300 2657 subito
319 2596 450 2655 medium
470 2597 559 2655 celeri
577 2597 756 2674 praeciderit
773 2598 838 2656 iotu

155 2694 201 2752 vis
220 2693 322 2771 aliqua
340 2697 377 2751 ut
395 2711 510 2759 sorsum
530 2698 646 2769 partem
665 2698 801 2766 secernat
819 2699 993 2774 utramque,

155 2790 311 2867 dispertita
329 2790 433 2867 procul
453 2789 544 2847 dubio
564 2809 680 2868 quoque
700 2791 746 2875 vis
765 2790 879 2850 animai

155 2889 186 2941 et
205 2882 327 2941 discissa
346 2883 435 2941 simul
454 2903 522 2942 cum
543 2903 664 2962 corpore
683 2885 859 2947 dissicietur.

155 2983 189 3036 at
207 2979 286 3055 quod
305 2978 450 3037 scinditur
469 2987 501 3038 et
519 2981 614 3058 pertis
633 2981 759 3040 dissedit
778 2982 812 3040 in
831 2982 922 3058 ullas,
1000 2987 1053 3046 640

155 3074 268 3132 scilieet
287 3080 438 3133 aeternam
458 3076 516 3134 sibi
535 3081 676 3136 naturam
696 3078 804 3137 abnuit
823 3098 899 3141 esse.
930 3092 934 3097 ’

154 3170 304 3231 falciferos
322 3178 488 3231 memorant
507 3192 611 3232 currus
630 3174 780 3235 abscidere
798 3179 938 3240 membra
1022 3190 1026 3197 '

88 3336 90 3341 ¹
155 3287 241 3345 saepe
261 3267 305 3327 ita
324 3268 361 3326 de
381 3267 481 3327 subito
499 3270 649 3346 permixta
669 3272 757 3330 oaede
777 3272 915 3349 calentis,

155 3373 192 3426 ut
209 3372 335 3446 tremere
355 3364 389 3423 in
408 3371 487 3425 terra
507 3367 647 3427 videatur
665 3369 704 3427 ab
724 3371 852 3431 artubus
871 3371 907 3434 id
928 3376 1026 3454 quod.
