2198 3764
452 205 583 267 imur
608 206 655 267 11.
963 208 1001 269 si.
1076 186 1079 191 ’

103 361 273 422 addendum
294 361 389 440 Μία
408 361 484 421 alias
501 363 578 437 erit3
600 361 671 422 inde
686 365 839 441 'aequatum
883 363 904 390 ³

103 460 233 522 adsimili
253 459 369 518 ratione
388 459 463 518 alias
482 465 519 519 ut
537 460 670 538 postulet
689 461 771 534 ordo,

103 559 131 617 si
149 565 185 617 tu
205 557 283 616 forte
303 558 385 616 soles
405 558 497 616 etiam
516 558 633 617 variare
653 561 771 636 figuras.

103 675 173 732 ergo
192 655 355 714 formarum
374 656 539 716 novitatem
560 657 690 734 corporis
709 676 836 734 augmen
942 656 1001 716 495

102 755 301 841 subsequitur.
325 774 418 832 quare
437 773 498 814 non
518 761 621 813 estut
640 755 758 814 credere
777 755 894 834 possis¹

102 869 167 909 esse
187 844 314 922 infinita
334 851 479 910 ouantia
498 851 616 921 semina,
630 851 742 926 formis,
845 895 847 899 ,

101 967 142 1021 ne
161 948 305 1026 quaedam
325 967 411 1025 cogas
431 949 546 1007 inmani
565 948 762 1015 maximitate,

101 1064 175 1119 esse,
195 1065 286 1124 supra
305 1046 385 1123 quod
405 1046 466 1104 iam
486 1045 573 1105 docui
592 1064 654 1104 non
673 1064 759 1122 posse
778 1045 905 1124 probari.

100 1142 162 1200 iam
181 1142 240 1201 tibi
259 1142 430 1201 barbaricae
448 1148 547 1201 vestes
568 1143 774 1221 Meliboeaque
793 1143 912 1221 fulgens
942 1144 1001 1203 500

100 1258 234 1317 purpura
253 1240 420 1303 Thessalico
440 1239 619 1299 concharum
638 1245 722 1301 tacta
741 1240 847 1314 colore,

100 1451 192 1490 aurea
213 1451 364 1509 pavonum
384 1432 496 1492 ridenti
517 1433 633 1491 imbuta
654 1435 754 1510 lepore

100 1531 206 1602 saecla,
224 1549 303 1589 novo
324 1549 423 1589 rerum
443 1538 584 1609 superata
600 1532 697 1611 colore
719 1532 851 1592 iacerent

100 1633 134 1686 et
153 1633 341 1706 contemptus
361 1627 435 1687 odor
454 1646 592 1705 smyrnae
612 1628 767 1705 mellisque
788 1647 916 1704 sapores,

100 1730 134 1783 et
152 1743 262 1802 cycnea
282 1724 359 1783 mele
379 1722 573 1802 Phoebeaque
593 1724 719 1784 daedala
737 1725 855 1785 chordis
940 1726 1000 1786 505

100 1823 233 1881 cannina
254 1821 401 1880 consimili
421 1822 538 1882 retiam
557 1841 697 1901 oppressa
717 1823 857 1898 silerent;
883 1824 885 1829 ’

99 1940 228 1998 namque
245 1920 316 1979 aliis
337 1920 420 1979 aliud
441 1922 641 1999 praestantius
662 1928 843 1983 exoraretur.

99 2017 204 2076 cedere
224 2017 297 2076 item
317 2024 398 2077 retro
418 2024 540 2095 possent
559 2019 593 2076 in
612 2017 773 2078 deteriores

99 2115 200 2173 omnia
220 2114 263 2174 sic
283 2115 388 2192 Μία,
409 2120 446 2173 ut
467 2114 598 2174 diximus
619 2115 652 2174 in
672 2116 820 2191 melioris3
947 2158 951 2163 -

99 2230 228 2288 namque
249 2211 318 2270 aliis
338 2210 421 2270 aliud
442 2218 523 2270 retro
544 2229 661 2288 quoque
681 2213 808 2272 taetrius
829 2219 908 2273 esset
941 2216 999 2272 510

98 2308 223 2366 naribus
243 2307 366 2366 auribus
387 2307 591 2385 atque3oculis
611 2307 728 2384 orisque
750 2309 856 2385 sapori.
975 2351 977 2357 -

99 2422 176 2482 quae
196 2403 336 2481 quoniam
356 2422 419 2461 non
439 2409 519 2475 sunt,
539 2403 590 2462 sed
608 2403 697 2462 rebus
718 2403 836 2463 reddita
855 2411 937 2465 certa

98 2502 168 2561 finis
189 2499 341 2578 utrimque
361 2504 447 2562 tenet
465 2519 619 2573 summam,
638 2500 751 2560 fateare
772 2511 919 2563 necessest
953 2524 956 2529 ·

98 2597 254 2657 materiem
275 2617 392 2676 quoque
409 2598 504 2657 finitis
525 2598 643 2658 differre
662 2598 772 2676 figuris
848 2642 851 2647 <

98 2695 227 2773 denique
242 2695 280 2754 ab
293 2696 413 2772 ignibus
425 2696 465 2753 ed
481 2694 595 2772 gelidas
611 2694 671 2755 iter
689 2715 781 2774 usque
796 2697 919 2775 pruinas
940 2701 997 2758 515

98 2792 249 2851 finitumst
267 2798 406 2869 retroque
426 2792 492 2869 pari
513 2792 628 2850 ratione
648 2799 863 2869 remensumst3

100 2888 198 2947 omnis
219 2887 299 2946 enim
310 2888 401 2947 calor
420 2907 455 2946 ac
474 2888 570 2966 in‘gus
587 2889 736 2967 mediique
756 2896 872 2969 tepores

97 2987 320 3064 interutrasque
340 2985 441 3045 iacent
461 2986 616 3064 explentes
637 2986 741 3047 ordine
762 3007 917 3050 summam.-

97 3102 168 3161 ergo
187 3084 274 3142 finita
295 3083 411 3153 distant
431 3084 547 3143 ratione
568 3092 676 3158 create,

97 3180 222 3258 ancipiti
243 3183 383 3258 quoniam
404 3183 538 3242 mucroni
559 3184 710 3262 utrimque
729 3189 884 3260 notantur,
939 3189 998 3247 520

97 3279 169 3338 hinc
189 3279 316 3339 flammis
336 3279 420 3362 illinc
440 3280 544 3359 rigidis
564 3281 675 3342 infesta
692 3283 818 3361 pruinis.
884 3317 898 3349 ‚-
