2198 3764
132 215 173 275 90
500 210 687 274 tuom!

133 378 178 434 nil
199 377 305 434 horum
325 377 465 452 quonism
487 375 595 452 recipit
612 394 661 432 res
679 394 765 452 posse
783 392 885 432 oreore

15 443 118 534 saw
133 471 293 529 sensiferos
313 477 412 528 motos
432 472 565 544 essim
585 490 662 547 quse
682 477 782 529 mente
802 453 955 528 volutet*
980 468 1041 526 240

15 590 105 652 ,ὥς
134 574 242 644 quarte
261 587 379 644 quoque
399 567 447 625 his
467 566 562 644 igitur
578 567 723 643 qusedsm
743 572 854 624 nsturs
873 571 1028 624 necessest

134 664 325 722 adtribuatur
330 684 339 736 3
363 669 429 722 eost
449 665 571 722 omnino
589 663 719 721 nominis
740 681 865 738 expers3

134 780 194 836 que
214 779 312 836 neque
332 761 471 818 mobilius
490 760 649 837 quiequam
668 777 765 835 neque
784 757 907 816 tenvius
928 763 1037 827 exstet,

134 875 189 915 neo
209 856 304 933 magis
323 875 341 914 e
362 857 463 932 psrvis
482 862 515 914 et
534 856 651 914 levibus
671 860 718 912 est
738 854 915 926 elementis;

135 953 292 1012 sensiferos
312 960 412 1012 motus
434 973 510 1030 quse
530 952 609 1011 didit
628 954 726 1030 prims
745 958 913 1028 perettus.
981 951 1037 1009 245

135 1050 232 1126 prime
252 1051 349 1107 cietur
369 1050 459 1120 enim,
480 1049 582 1126 pervis
602 1048 735 1126 perfecte
755 1047 877 1123 figwis3

136 1148 205 1205 inde
226 1147 306 1206 calor
326 1154 425 1205 motus
445 1154 478 1205 et
497 1147 582 1205 venti
604 1166 691 1205 oseca
711 1152 843 1222 potestus

136 1242 253 1319 accipit,
276 1243 345 1301 inde
366 1263 435 1316 eer;
454 1242 525 1300 inde
545 1243 647 1300 omnis
666 1242 883 1313 mobilitsntur,

136 1341 305 1400 concutitur
325 1341 455 1417 sanguis,
473 1348 539 1398 tnm
561 1341 676 1398 viscere
694 1338 918 1416 persentiscunt

136 1438 244 1510 omnis,
265 1439 420 1514 postremis
441 1438 532 1496 detur
552 1439 668 1496 ossibus
688 1443 779 1514 atque
800 1436 943 1494 medullis
981 1435 1035 1493 250

121 1534 199 1626 &sive
220 1533 360 1610 voluptas
381 1539 428 1592 est
448 1535 511 1592 sive
531 1540 579 1592 est
599 1522 765 1592 contrarius
784 1533 881 1591 ordor.

136 1649 191 1688 nec
201 1636 312 1688 temere
322 1630 381 1688 huc
391 1631 474 1689 dolor
484 1650 578 1707 usque
588 1637 687 1708 potest
696 1637 852 1708 penetrsre
861 1650 963 1709 neque
973 1649 1035 1689 ecre

137 1741 311 1799 permanere
332 1723 452 1796 melum,
473 1725 548 1799 quin
569 1725 669 1781 omnia
688 1723 902 1800 perturbentur

137 1837 230 1894 usque
250 1817 326 1876 adeo
345 1827 380 1876 ut
400 1821 482 1878 vitoe
503 1820 582 1879 desit
601 1821 684 1879 locus
704 1827 794 1897 etque
815 1820 929 1878 enimsi

137 1917 296 1993 diffugiant
315 1923 416 1994 portes
437 1938 491 1996 per
511 1920 611 1977 caules
632 1921 762 1996 corporis
783 1918 888 1977 omnis.
981 1917 1034 1976 255

137 2014 189 2073 sed
208 2016 382 2091 plerumque
403 2017 439 2073 fit
459 2016 491 2073 in
513 2035 628 2074 summo
648 2016 734 2093 quasi
753 2035 875 2091 corpore
894 2015 965 2074 finis

137 2114 285 2172 motibus:
308 2112 385 2171 hene
406 2113 444 2171 ob
464 2133 527 2170 rem
548 2113 643 2172 vitem
663 2114 792 2172 retinere
811 2112 955 2172 velemus

140 2271 227 2331 ries
240 2272 320 2347 foer
339 2292 390 2330 are
410 2273 531 2331 cemes
550 2244 615 2331 ree
636 2293 697 2334 ew.
741 2274 800 2332 re
814 2271 925 2347 seces
946 2274 975 2332 e
995 2273 1036 2331 ue

220 2371 304 2431 ‘coel
326 2370 364 2446 os
380 2371 426 2429 tic
449 2371 538 2430 eoul'.
580 2371 721 2430 However
743 2391 796 2430 oce
815 2380 889 2448 port
910 2373 940 2430 ic
963 2391 1037 2430 more

213 2468 387 2547 promitunt
414 2468 486 2526 thoro
513 2469 559 2527 tte
583 2470 677 2527 othere
704 2468 740 2527 in
762 2469 885 2527 cariosus
908 2469 1038 2528 animale

218 2565 283 2624 and
295 2586 368 2624 owe
399 2565 497 2625 Hence
510 2586 602 2625 comcs
615 2566 767 2640 difformes
779 2564 817 2642 of
822 2575 1037 2642 temperantem.

177 2687 269 2746 Nune
289 2706 326 2746 ee
344 2707 405 2764 quo
423 2694 510 2765 pecto
528 2689 608 2747 inter
628 2708 693 2747 sese
711 2690 809 2747 mixte
827 2690 999 2768 quibusque

136 2789 254 2859 compte
274 2783 371 2842 modis
392 2772 679 2861 vigeent'retionem
700 2786 823 2844 reddere
843 2793 989 2847 aventem

136 2881 285 2938 abstrahit
304 2881 434 2939 invitum
456 2882 548 2959 petrii
567 2883 711 2940 sermonis
732 2890 846 2960 egestas
855 2903 864 2958 ;
984 2887 1041 2944 260

136 2975 188 3034 sed
209 2981 319 3049 temen,
341 2983 378 3036 ut
397 2985 501 3055 potero
520 2979 691 3037 summatim
712 2981 868 3056 attingere,
892 2986 1026 3061 tongum.

136 3071 216 3128 inter
237 3071 317 3128 enim
338 3077 460 3129 cursant
480 3072 642 3148 primordie
662 3074 877 3151 principiorum

136 3165 268 3224 motibus
286 3167 366 3224 inter
386 3186 425 3240 se,
446 3167 491 3225 nil
510 3172 547 3225 ut
566 3169 712 3227 secernier
732 3188 825 3228 unum

137 3261 231 3339 possit
250 3280 305 3320 neo
325 3262 421 3340 spatio
442 3263 506 3321 fieri
526 3262 623 3324 divise
642 3270 781 3341 potestne,

59 3358 190 3544 ⁸sod
209 3360 294 3436 qussi
315 3360 427 3419 multoe
447 3360 493 3419 vis
513 3361 602 3420 unius
623 3362 751 3440 corporis
771 3369 888 3426 extent
985 3368 1043 3428 265
