2198 3764
141 201 180 262 64
492 203 684 266 tutunus

252 351 354 411 Alcms
366 372 423 412 emt
435 351 506 429 only
517 352 645 412 combine
657 353 694 412 iu
704 352 818 414 certain
831 373 926 432 ways.
1029 351 1035 362 '

179 465 246 526 Nec
272 473 374 527 temen
405 468 583 527 omnimedis
612 469 727 528 conecti
757 489 843 550 posse
870 473 1044 552 putandum

175 591 178 600 ¹
220 571 267 624 est
316 594 319 599 ·
985 573 1044 631 700

140 663 258 738 omnim⁴
275 683 345 722 nem
365 662 452 740 uolgo
468 663 534 722 fieri
551 669 692 742 portentu
708 664 834 738 videres,

140 761 292 821 semiferas
307 762 460 820 hominum
476 763 587 841 species
604 764 733 823 existere
749 771 780 823 et
800 766 878 825 altos

139 857 290 917 interdum
310 877 408 917 remos
426 859 526 936 egigni
545 879 667 938 corpere
687 860 766 937 vivo,

139 956 293 1031 multaque
313 955 428 1014 conecti
450 956 603 1015 terrestria
624 958 918 1036 membrsvmerinis

139 1050 205 1111 tum
225 1051 375 1111 flammam
396 1059 493 1112 teetrc
514 1053 658 1131 spirantis
678 1073 731 1113 cre
754 1054 933 1116 chimaeras
985 1056 1045 1119 705

140 1167 258 1225 pascere
278 1155 418 1208 naturam
438 1169 494 1227 per
515 1156 612 1209 terres
632 1152 855 1228 omniparentis.

140 1264 265 1322 quorum
285 1245 330 1303 nil
350 1245 416 1304 fieri
439 1246 632 1305 menifestum
653 1254 709 1320 est,
733 1249 833 1306 omnis
857 1250 985 1327 qnando

140 1342 302 1400 seminibus
325 1341 415 1400 certis
433 1347 515 1400 certe
532 1343 683 1420 genetrice
706 1350 806 1403 creata

140 1457 313 1496 conservare
329 1456 422 1514 genus
440 1439 603 1497 crescentie
617 1458 703 1518 posse
719 1440 864 1503 videmus.

139 1527 252 1594 scilicet
268 1534 301 1593 id
319 1540 401 1593 certe
418 1535 484 1594 fieri
501 1537 618 1596 ratione
633 1545 805 1598 necessust·
985 1542 1045 1604 710

139 1651 209 1690 num
228 1650 283 1690 sue
303 1632 410 1708 cuique
430 1633 504 1692 cibis
521 1653 560 1693 ex
580 1636 717 1694 omnibus
733 1636 816 1694 intus
834 1635 868 1694 in
886 1643 978 1698 artus

140 1745 261 1804 corpora
281 1727 439 1786 discedunt
456 1747 626 1808 conexaque
644 1731 849 1792 convenientis

119 1810 124 1821 ’
140 1824 272 1882 efficiunt
288 1828 387 1882 motus
396 1843 406 1899 3
433 1829 466 1883 ct
483 1832 587 1884 contre
604 1827 702 1886 cliens
720 1828 856 1888 videmus

140 1919 248 1979 reicere
264 1919 298 1978 in
317 1925 412 1979 terres
427 1925 576 1995 naturum,
596 1923 750 2002 multaque
768 1925 861 1983 caecis

140 2017 310 2095 corporibus
328 2017 485 2095 fugiente
503 2038 631 2097 corpore·
642 2022 755 2097 perci-tn
771 2021 892 2100 plegisj·
924 2049 927 2054 ·
984 2025 1043 2086 715

140 2132 216 2190 quse
233 2132 328 2190 neque
348 2113 463 2172 conecti
478 2132 626 2191 quoquam
644 2122 766 2193 potuere
785 2102 883 2196 neque
902 2119 993 2181 intus
1033 2147 1036 2151 ·

140 2210 242 2269 vitalis
259 2216 357 2269 motus
377 2211 544 2269 consentire
558 2216 650 2288 etque
668 2212 787 2271 imitari

140 2308 191 2367 sed
213 2328 251 2367 ne
266 2308 345 2367 forte
360 2312 448 2385 putes
465 2309 607 2368 animalis
627 2309 691 2368 sole
709 2309 808 2370 teneri

140 2406 254 2484 legibue
273 2405 362 2480 hisce,
379 2425 414 2465 ee
434 2425 482 2465 res
498 2408 576 2465 ratio
591 2407 780 2467 disterminet
801 2409 907 2470 omnis

140 2522 210 2563 nam
225 2503 321 2564 veluti
341 2510 406 2562 tota
420 2509 530 2562 nature
550 2503 708 2563 dissimiles
725 2510 799 2563 sunt
983 2510 1045 2572 720

139 2602 218 2661 inter
233 2621 265 2661 se
281 2601 400 2678 genitae
417 2620 465 2660 ree
485 2620 628 2678 quaeque,
647 2601 691 2660 ite
711 2622 859 2680 quemque
879 2620 1037 2669 necessest

139 2698 275 2757 dissimili
289 2704 424 2757 constare
439 2697 534 2774 figura
551 2696 784 2774 principiorum

138 2815 199 2854 non
218 2814 279 2874 quc
294 2795 392 2853 mults
409 2813 514 2870 perum
530 2793 621 2852 simili
640 2795 703 2852 sint
717 2793 854 2871 praedite
871 2794 985 2872 forms,

139 2888 191 2950 sed
209 2892 280 2969 quis
295 2908 357 2949 non
374 2891 461 2968 volgo
478 2890 562 2966 paria
581 2891 719 2948 omnibus
737 2890 837 2949 omnic
854 2889 1011 2958 constant,
1043 2923 1047 2932 .

138 2988 251 3048 semine
271 3007 338 3046 cum
351 3007 444 3064 perro
460 2986 583 3058 distent,
600 2986 720 3044 differre
735 2993 891 3046 necessust
983 2992 1046 3054 725

138 3086 297 3145 intervalla
312 3087 377 3144 vics
396 3104 526 3144 conexus
541 3083 672 3159 pondere
691 3084 793 3160 plagas

139 3187 421 3252 concursusmotus,
439 3196 515 3257 quse
537 3197 599 3236 non
614 3168 755 3236 animulis
776 3176 872 3234 solum
982 3172 985 3180 ’

139 3295 261 3356 corpore
275 3275 444 3351 seiungunt,
465 3273 517 3332 sed
534 3278 631 3332 terres
645 3293 680 3331 ec
697 3290 779 3330 mare
800 3279 901 3331 totum
962 3314 966 3321 -

139 3379 296 3436 secernunt
313 3371 488 3448 caelumque
506 3389 525 3428 a
539 3371 628 3431 terris
646 3390 736 3428 omne
748 3374 914 3434 retentent.
