<?xml version="1.0" encoding="UTF-8"?>
<!DOCTYPE html PUBLIC "-//W3C//DTD XHTML 1.0 Transitional//EN"
    "http://www.w3.org/TR/xhtml1/DTD/xhtml1-transitional.dtd">
<html xmlns="http://www.w3.org/1999/xhtml" xml:lang="en" lang="en">
 <head>
  <title>
</title>
<meta http-equiv="Content-Type" content="text/html;charset=utf-8" />
  <meta name='ocr-system' content='tesseract 3.04.00' />
  <meta name='ocr-capabilities' content='ocr_page ocr_carea ocr_par ocr_line ocrx_word'/>
</head>
<body>
  <div class='ocr_page' id='page_1' title='image "./tlucreticarider00leegoog_0142.png"; bbox 0 0 2198 3764; ppageno 0'>
   <div class='ocr_carea' id='block_1_1' title="bbox 433 216 998 279">
    <p class='ocr_par' dir='ltr' id='par_1_1' title="bbox 433 216 998 279">
     <span class='ocr_line' id='line_1_1' title="bbox 433 216 998 279; baseline 0.007 -4"><span class='ocrx_word' id='word_1_1' title='bbox 433 216 567 276; x_wconf 76' lang='lat' dir='ltr'><em>LIBER</em></span> <span class='ocrx_word' id='word_1_2' title='bbox 592 216 659 278; x_wconf 93' lang='lat' dir='ltr'><em>III.</em></span> <span class='ocrx_word' id='word_1_3' title='bbox 956 218 998 279; x_wconf 51' lang='lat' dir='ltr'><strong>sl*</strong></span> 
     </span>
    </p>
   </div>
   <div class='ocr_carea' id='block_1_2' title="bbox 91 365 1076 3447">
    <p class='ocr_par' dir='ltr' id='par_1_2' title="bbox 99 365 911 444">
     <span class='ocr_line' id='line_1_2' title="bbox 99 365 911 444; baseline 0.004 -22"><span class='ocrx_word' id='word_1_4' title='bbox 99 365 178 441; x_wconf 91' lang='lat' dir='ltr'><strong>quod</strong></span> <span class='ocrx_word' id='word_1_5' title='bbox 198 365 342 441; x_wconf 78' lang='lat' dir='ltr'><strong>genuszin</strong></span> <span class='ocrx_word' id='word_1_6' title='bbox 362 367 467 442; x_wconf 87' lang='lat' dir='ltr'><strong>quovis</strong></span> <span class='ocrx_word' id='word_1_7' title='bbox 486 367 672 424; x_wconf 76' lang='lat' dir='ltr'><strong>animantum</strong></span> <span class='ocrx_word' id='word_1_8' title='bbox 692 366 805 425; x_wconf 88' lang='lat' dir='ltr'><strong>viseere</strong></span> <span class='ocrx_word' id='word_1_9' title='bbox 824 366 911 444; x_wconf 78' lang='lat' dir='ltr'>volgo</span> 
     </span>
    </p>

    <p class='ocr_par' dir='ltr' id='par_1_3' title="bbox 98 461 997 637">
     <span class='ocr_line' id='line_1_3' title="bbox 99 461 997 540; baseline 0.001 -21"><span class='ocrx_word' id='word_1_10' title='bbox 99 466 146 519; x_wconf 80' lang='lat' dir='ltr'><strong>est</strong></span> <span class='ocrx_word' id='word_1_11' title='bbox 165 461 238 520; x_wconf 85' lang='lat' dir='ltr'><strong>odor</strong></span> <span class='ocrx_word' id='word_1_12' title='bbox 257 467 289 520; x_wconf 89' lang='lat' dir='ltr'><strong>et</strong></span> <span class='ocrx_word' id='word_1_13' title='bbox 309 461 436 539; x_wconf 83' lang='lat' dir='ltr'><strong>quidam.</strong></span> <span class='ocrx_word' id='word_1_14' title='bbox 450 463 530 521; x_wconf 85' lang='lat' dir='ltr'><strong>eslor</strong></span> <span class='ocrx_word' id='word_1_15' title='bbox 548 469 581 522; x_wconf 87' lang='lat' dir='ltr'><strong>et</strong></span> <span class='ocrx_word' id='word_1_16' title='bbox 599 482 694 540; x_wconf 75' lang='lat' dir='ltr'><strong>sapor,</strong></span> <span class='ocrx_word' id='word_1_17' title='bbox 716 469 748 521; x_wconf 87' lang='lat' dir='ltr'><strong>et</strong></span> <span class='ocrx_word' id='word_1_18' title='bbox 767 468 869 521; x_wconf 87' lang='lat' dir='ltr'><strong>tsmen</strong></span> <span class='ocrx_word' id='word_1_19' title='bbox 888 482 928 521; x_wconf 82' lang='lat' dir='ltr'><strong>ex</strong></span> <span class='ocrx_word' id='word_1_20' title='bbox 949 461 997 521; x_wconf 87' lang='lat' dir='ltr'><strong>his</strong></span> 
     </span>
     <span class='ocr_line' id='line_1_4' title="bbox 98 559 903 637; baseline 0.004 -19"><span class='ocrx_word' id='word_1_21' title='bbox 98 559 236 618; x_wconf 85' lang='lat' dir='ltr'><strong>omnibus</strong></span> <span class='ocrx_word' id='word_1_22' title='bbox 255 567 302 618; x_wconf 87' lang='lat' dir='ltr'><strong>est</strong></span> <span class='ocrx_word' id='word_1_23' title='bbox 321 580 415 619; x_wconf 88' lang='lat' dir='ltr'><strong>unum</strong></span> <span class='ocrx_word' id='word_1_24' title='bbox 434 559 600 637; x_wconf 68' lang='lat' dir='ltr'><strong>perfeetum</strong></span> <span class='ocrx_word' id='word_1_25' title='bbox 620 560 750 637; x_wconf 75' lang='lat' dir='ltr'><strong>eorporis</strong></span> <span class='ocrx_word' id='word_1_26' title='bbox 768 577 903 636; x_wconf 75' lang='lat' dir='ltr'><strong>augmen.</strong></span> 
     </span>
    </p>

    <p class='ocr_par' dir='ltr' id='par_1_4' title="bbox 98 656 830 734">
     <span class='ocr_line' id='line_1_5' title="bbox 98 656 830 734; baseline -0.001 -19"><span class='ocrx_word' id='word_1_27' title='bbox 98 656 141 715; x_wconf 84' lang='lat' dir='ltr'><strong>sie</strong></span> <span class='ocrx_word' id='word_1_28' title='bbox 160 657 240 718; x_wconf 82' lang='lat' dir='ltr'><strong>eslor</strong></span> <span class='ocrx_word' id='word_1_29' title='bbox 258 664 349 734; x_wconf 80' lang='lat' dir='ltr'><strong>etque</strong></span> <span class='ocrx_word' id='word_1_30' title='bbox 368 677 419 716; x_wconf 77' lang='lat' dir='ltr'><strong>aer</strong></span> <span class='ocrx_word' id='word_1_31' title='bbox 438 664 469 715; x_wconf 90' lang='lat' dir='ltr'><strong>et</strong></span> <span class='ocrx_word' id='word_1_32' title='bbox 489 657 574 714; x_wconf 85' lang='lat' dir='ltr'><strong>venti</strong></span> <span class='ocrx_word' id='word_1_33' title='bbox 594 676 679 715; x_wconf 80' lang='lat' dir='ltr'><strong>ceses</strong></span> <span class='ocrx_word' id='word_1_34' title='bbox 698 661 830 733; x_wconf 75' lang='lat' dir='ltr'><strong>potestus</strong></span> 
     </span>
    </p>

    <p class='ocr_par' dir='ltr' id='par_1_5' title="bbox 98 749 995 929">
     <span class='ocr_line' id='line_1_6' title="bbox 98 749 995 813; baseline -0.001 -2"><span class='ocrx_word' id='word_1_35' title='bbox 98 754 194 812; x_wconf 85' lang='lat' dir='ltr'><strong>mixte</strong></span> <span class='ocrx_word' id='word_1_36' title='bbox 214 760 315 813; x_wconf 77' lang='lat' dir='ltr'><strong>creant</strong></span> <span class='ocrx_word' id='word_1_37' title='bbox 335 773 426 813; x_wconf 83' lang='lat' dir='ltr'><strong>unsm</strong></span> <span class='ocrx_word' id='word_1_38' title='bbox 447 760 586 812; x_wconf 77' lang='lat' dir='ltr'><strong>naturam</strong></span> <span class='ocrx_word' id='word_1_39' title='bbox 606 761 637 812; x_wconf 90' lang='lat' dir='ltr'><strong>et</strong></span> <span class='ocrx_word' id='word_1_40' title='bbox 658 753 774 811; x_wconf 83' lang='lat' dir='ltr'><strong>mobilis</strong></span> <span class='ocrx_word' id='word_1_41' title='bbox 793 752 847 811; x_wconf 81' lang='lat' dir='ltr'><strong>ills</strong></span> <span class='ocrx_word' id='word_1_42' title='bbox 936 749 995 811; x_wconf 79' lang='lat'><strong>270</strong></span> 
     </span>
     <span class='ocr_line' id='line_1_7' title="bbox 98 851 835 929; baseline 0.001 -20"><span class='ocrx_word' id='word_1_43' title='bbox 98 853 154 924; x_wconf 87' lang='lat' dir='ltr'><strong>vis,</strong></span> <span class='ocrx_word' id='word_1_44' title='bbox 175 852 285 910; x_wconf 82' lang='lat' dir='ltr'><strong>initum</strong></span> <span class='ocrx_word' id='word_1_45' title='bbox 305 860 404 911; x_wconf 86' lang='lat' dir='ltr'><strong>motus</strong></span> <span class='ocrx_word' id='word_1_46' title='bbox 424 852 462 911; x_wconf 81' lang='lat' dir='ltr'><strong>ab</strong></span> <span class='ocrx_word' id='word_1_47' title='bbox 482 872 514 910; x_wconf 87' lang='lat' dir='ltr'><strong>se</strong></span> <span class='ocrx_word' id='word_1_48' title='bbox 534 871 610 929; x_wconf 83' lang='lat' dir='ltr'><strong>quse</strong></span> <span class='ocrx_word' id='word_1_49' title='bbox 631 852 741 910; x_wconf 86' lang='lat' dir='ltr'><strong>dividit</strong></span> <span class='ocrx_word' id='word_1_50' title='bbox 761 851 835 924; x_wconf 88' lang='lat' dir='ltr'><strong>ollis,</strong></span> 
     </span>
    </p>

    <p class='ocr_par' dir='ltr' id='par_1_6' title="bbox 97 951 1057 1610">
     <span class='ocr_line' id='line_1_8' title="bbox 98 951 944 1027; baseline 0 -19"><span class='ocrx_word' id='word_1_51' title='bbox 98 951 225 1009; x_wconf 74' lang='lat' dir='ltr'><strong>sensifer</strong></span> <span class='ocrx_word' id='word_1_52' title='bbox 243 951 323 1013; x_wconf 87' lang='lat' dir='ltr'><strong>unde</strong></span> <span class='ocrx_word' id='word_1_53' title='bbox 341 952 438 1010; x_wconf 88' lang='lat' dir='ltr'><strong>oritur</strong></span> <span class='ocrx_word' id='word_1_54' title='bbox 457 951 588 1027; x_wconf 87' lang='lat' dir='ltr'><strong>primum</strong></span> <span class='ocrx_word' id='word_1_55' title='bbox 607 951 794 1027; x_wconf 76' lang='lat' dir='ltr'><strong>perviscera</strong></span> <span class='ocrx_word' id='word_1_56' title='bbox 814 955 920 1009; x_wconf 85' lang='lat' dir='ltr'><strong>motus.</strong></span> <span class='ocrx_word' id='word_1_57' title='bbox 942 994 944 999; x_wconf 82' lang='grc'>.</span> 
     </span>
     <span class='ocr_line' id='line_1_9' title="bbox 97 1047 957 1126; baseline -0.003 -19"><span class='ocrx_word' id='word_1_58' title='bbox 97 1069 169 1107; x_wconf 80' lang='lat' dir='ltr'><strong>nam</strong></span> <span class='ocrx_word' id='word_1_59' title='bbox 189 1050 309 1125; x_wconf 88' lang='lat' dir='ltr'><strong>penitus</strong></span> <span class='ocrx_word' id='word_1_60' title='bbox 329 1068 464 1126; x_wconf 83' lang='lat' dir='ltr'><strong>prorsum</strong></span> <span class='ocrx_word' id='word_1_61' title='bbox 484 1048 560 1106; x_wconf 78' lang='lat' dir='ltr'><strong>lutet</strong></span> <span class='ocrx_word' id='word_1_62' title='bbox 579 1047 651 1106; x_wconf 84' lang='lat' dir='ltr'><strong>heee</strong></span> <span class='ocrx_word' id='word_1_63' title='bbox 670 1054 779 1106; x_wconf 77' lang='lat' dir='ltr'><strong>nature</strong></span> <span class='ocrx_word' id='word_1_64' title='bbox 798 1047 957 1124; x_wconf 77' lang='lat' dir='ltr'>subestque</span> 
     </span>
     <span class='ocr_line' id='line_1_10' title="bbox 98 1145 997 1223; baseline -0.002 -19"><span class='ocrx_word' id='word_1_65' title='bbox 98 1166 154 1204; x_wconf 84' lang='lat' dir='ltr'><strong>nee</strong></span> <span class='ocrx_word' id='word_1_66' title='bbox 174 1146 267 1223; x_wconf 81' lang='lat' dir='ltr'><strong>magis</strong></span> <span class='ocrx_word' id='word_1_67' title='bbox 286 1146 341 1205; x_wconf 80' lang='lat' dir='ltr'><strong>hae</strong></span> <span class='ocrx_word' id='word_1_68' title='bbox 362 1145 442 1204; x_wconf 77' lang='lat' dir='ltr'><strong>infra</strong></span> <span class='ocrx_word' id='word_1_69' title='bbox 461 1146 619 1223; x_wconf 80' lang='lat' dir='ltr'><strong>quiequam</strong></span> <span class='ocrx_word' id='word_1_70' title='bbox 640 1151 686 1204; x_wconf 83' lang='lat' dir='ltr'><strong>est</strong></span> <span class='ocrx_word' id='word_1_71' title='bbox 704 1145 738 1202; x_wconf 91' lang='lat' dir='ltr'><strong>in</strong></span> <span class='ocrx_word' id='word_1_72' title='bbox 758 1163 878 1221; x_wconf 74' lang='lat' dir='ltr'><strong>serpere</strong></span> <span class='ocrx_word' id='word_1_73' title='bbox 896 1152 997 1202; x_wconf 87' lang='lat' dir='ltr'><strong>nostro</strong></span> 
     </span>
     <span class='ocr_line' id='line_1_11' title="bbox 97 1239 1057 1321; baseline -0.005 -19"><span class='ocrx_word' id='word_1_74' title='bbox 97 1251 190 1321; x_wconf 78' lang='lat' dir='ltr'><strong>etque</strong></span> <span class='ocrx_word' id='word_1_75' title='bbox 208 1245 307 1303; x_wconf 74' lang='lat' dir='ltr'><strong>enims</strong></span> <span class='ocrx_word' id='word_1_76' title='bbox 328 1250 374 1302; x_wconf 88' lang='lat' dir='ltr'><strong>est</strong></span> <span class='ocrx_word' id='word_1_77' title='bbox 392 1243 509 1302; x_wconf 74' lang='lat' dir='ltr'><strong>enimse</strong></span> <span class='ocrx_word' id='word_1_78' title='bbox 529 1262 670 1319; x_wconf 80' lang='lat' dir='ltr'><strong>pmporno</strong></span> <span class='ocrx_word' id='word_1_79' title='bbox 689 1241 783 1299; x_wconf 81' lang='lat' dir='ltr'><strong>totius</strong></span> <span class='ocrx_word' id='word_1_80' title='bbox 801 1242 874 1318; x_wconf 72' lang='lat' dir='ltr'><strong>ipsu</strong></span> <span class='ocrx_word' id='word_1_81' title='bbox 937 1241 995 1301; x_wconf 70' lang='lat'><strong>275</strong></span> <span class='ocrx_word' id='word_1_82' title='bbox 1054 1239 1057 1248; x_wconf 83' lang='lat'>&#39;</span> 
     </span>
     <span class='ocr_line' id='line_1_12' title="bbox 98 1338 909 1416; baseline -0.001 -20"><span class='ocrx_word' id='word_1_83' title='bbox 98 1338 178 1416; x_wconf 83' lang='lat' dir='ltr'><strong>qued</strong></span> <span class='ocrx_word' id='word_1_84' title='bbox 198 1359 291 1416; x_wconf 81' lang='lat' dir='ltr'><strong>genus</strong></span> <span class='ocrx_word' id='word_1_85' title='bbox 310 1339 343 1398; x_wconf 87' lang='lat' dir='ltr'><strong>in</strong></span> <span class='ocrx_word' id='word_1_86' title='bbox 363 1340 473 1398; x_wconf 83' lang='lat' dir='ltr'><strong>nostris</strong></span> <span class='ocrx_word' id='word_1_87' title='bbox 492 1338 634 1396; x_wconf 80' lang='lat' dir='ltr'><strong>membris</strong></span> <span class='ocrx_word' id='word_1_88' title='bbox 654 1342 686 1395; x_wconf 88' lang='lat' dir='ltr'><strong>et</strong></span> <span class='ocrx_word' id='word_1_89' title='bbox 704 1355 824 1414; x_wconf 70' lang='lat' dir='ltr'><strong>surpere</strong></span> <span class='ocrx_word' id='word_1_90' title='bbox 843 1343 909 1396; x_wconf 83' lang='lat' dir='ltr'><strong>toto</strong></span> 
     </span>
     <span class='ocr_line' id='line_1_13' title="bbox 98 1435 912 1510; baseline -0.002 -18"><span class='ocrx_word' id='word_1_91' title='bbox 98 1435 195 1493; x_wconf 80' lang='lat' dir='ltr'><strong>mixta</strong></span> <span class='ocrx_word' id='word_1_92' title='bbox 215 1436 311 1494; x_wconf 81' lang='lat' dir='ltr'><strong>latens</strong></span> <span class='ocrx_word' id='word_1_93' title='bbox 331 1436 425 1494; x_wconf 77' lang='lat' dir='ltr'><strong>enimi</strong></span> <span class='ocrx_word' id='word_1_94' title='bbox 445 1435 492 1493; x_wconf 81' lang='lat' dir='ltr'><strong>vis</strong></span> <span class='ocrx_word' id='word_1_95' title='bbox 512 1441 559 1493; x_wconf 89' lang='lat' dir='ltr'><strong>est</strong></span> <span class='ocrx_word' id='word_1_96' title='bbox 578 1435 752 1510; x_wconf 76' lang='lat' dir='ltr'><strong>animaeque</strong></span> <span class='ocrx_word' id='word_1_97' title='bbox 772 1437 912 1509; x_wconf 77' lang='lat' dir='ltr'><strong>potestus,</strong></span> 
     </span>
     <span class='ocr_line' id='line_1_14' title="bbox 97 1531 870 1610; baseline 0.001 -21"><span class='ocrx_word' id='word_1_98' title='bbox 97 1532 269 1608; x_wconf 84' lang='lat' dir='ltr'><strong>eorporibus</strong></span> <span class='ocrx_word' id='word_1_99' title='bbox 289 1532 360 1609; x_wconf 85' lang='lat' dir='ltr'><strong>quis</strong></span> <span class='ocrx_word' id='word_1_100' title='bbox 380 1533 416 1591; x_wconf 86' lang='lat' dir='ltr'><strong>de</strong></span> <span class='ocrx_word' id='word_1_101' title='bbox 435 1531 537 1610; x_wconf 76' lang='lat' dir='ltr'><strong>parvis</strong></span> <span class='ocrx_word' id='word_1_102' title='bbox 556 1531 717 1608; x_wconf 73' lang='lat' dir='ltr'><strong>paucisque</strong></span> <span class='ocrx_word' id='word_1_103' title='bbox 736 1534 870 1590; x_wconf 66' lang='lat' dir='ltr'><strong>emese</strong></span> 
     </span>
    </p>

    <p class='ocr_par' dir='ltr' id='par_1_7' title="bbox 91 1626 996 1977">
     <span class='ocr_line' id='line_1_15' title="bbox 98 1626 893 1705; baseline -0.003 -19"><span class='ocrx_word' id='word_1_104' title='bbox 98 1630 140 1686; x_wconf 85' lang='lat' dir='ltr'><strong>sie</strong></span> <span class='ocrx_word' id='word_1_105' title='bbox 160 1629 216 1687; x_wconf 88' lang='lat' dir='ltr'><strong>tibi</strong></span> <span class='ocrx_word' id='word_1_106' title='bbox 236 1629 364 1695; x_wconf 85' lang='lat' dir='ltr'><strong>nominis</strong></span> <span class='ocrx_word' id='word_1_107' title='bbox 384 1629 456 1689; x_wconf 85' lang='lat' dir='ltr'><strong>hsee</strong></span> <span class='ocrx_word' id='word_1_108' title='bbox 476 1647 582 1705; x_wconf 85' lang='lat' dir='ltr'><strong>expers</strong></span> <span class='ocrx_word' id='word_1_109' title='bbox 602 1627 648 1685; x_wconf 88' lang='lat' dir='ltr'><strong>vis</strong></span> <span class='ocrx_word' id='word_1_110' title='bbox 668 1627 749 1685; x_wconf 77' lang='lat' dir='ltr'><strong>ieots</strong></span> <span class='ocrx_word' id='word_1_111' title='bbox 768 1626 893 1685; x_wconf 85' lang='lat' dir='ltr'><strong>minutis</strong></span> 
     </span>
     <span class='ocr_line' id='line_1_16' title="bbox 98 1722 996 1802; baseline -0.001 -20"><span class='ocrx_word' id='word_1_112' title='bbox 98 1725 268 1802; x_wconf 82' lang='lat' dir='ltr'>corporibus</span> <span class='ocrx_word' id='word_1_113' title='bbox 287 1725 363 1784; x_wconf 76' lang='lat' dir='ltr'><strong>latet</strong></span> <span class='ocrx_word' id='word_1_114' title='bbox 382 1732 471 1802; x_wconf 83' lang='lat' dir='ltr'><strong>atque</strong></span> <span class='ocrx_word' id='word_1_115' title='bbox 491 1724 608 1782; x_wconf 79' lang='lat' dir='ltr'><strong>animes</strong></span> <span class='ocrx_word' id='word_1_116' title='bbox 627 1722 713 1800; x_wconf 80' lang='lat' dir='ltr'><strong>qussi</strong></span> <span class='ocrx_word' id='word_1_117' title='bbox 731 1722 826 1782; x_wconf 81' lang='lat' dir='ltr'><strong>tutius</strong></span> <span class='ocrx_word' id='word_1_118' title='bbox 845 1722 910 1800; x_wconf 78' lang='lat' dir='ltr'><strong>ipss</strong></span> <span class='ocrx_word' id='word_1_119' title='bbox 938 1722 996 1781; x_wconf 81' lang='lat'><strong>280</strong></span> 
     </span>
     <span class='ocr_line' id='line_1_17' title="bbox 91 1813 862 1897; baseline 0.003 -19"><span class='ocrx_word' id='word_1_120' title='bbox 91 1813 271 1897; x_wconf 61' lang='lat' dir='ltr'><strong>&#39;proporrost</strong></span> <span class='ocrx_word' id='word_1_121' title='bbox 288 1823 388 1880; x_wconf 80' lang='lat' dir='ltr'><strong>enims</strong></span> <span class='ocrx_word' id='word_1_122' title='bbox 407 1827 440 1879; x_wconf 87' lang='lat' dir='ltr'><strong>et</strong></span> <span class='ocrx_word' id='word_1_123' title='bbox 458 1820 630 1880; x_wconf 79' lang='lat' dir='ltr'><strong>dominetur</strong></span> <span class='ocrx_word' id='word_1_124' title='bbox 649 1837 770 1895; x_wconf 85' lang='lat' dir='ltr'><strong>eorpore</strong></span> <span class='ocrx_word' id='word_1_125' title='bbox 789 1824 862 1880; x_wconf 74' lang='lat' dir='ltr'><strong>totu</strong></span> 
     </span>
     <span class='ocr_line' id='line_1_18' title="bbox 99 1918 797 1977; baseline -0.001 -2"><span class='ocrx_word' id='word_1_126' title='bbox 99 1918 245 1976; x_wconf 87' lang='lat' dir='ltr'><strong>eonsimili</strong></span> <span class='ocrx_word' id='word_1_127' title='bbox 265 1920 380 1977; x_wconf 74' lang='lat' dir='ltr'><strong>ustione</strong></span> <span class='ocrx_word' id='word_1_128' title='bbox 399 1923 547 1977; x_wconf 86' lang='lat' dir='ltr'><strong>neesssest</strong></span> <span class='ocrx_word' id='word_1_129' title='bbox 566 1922 675 1974; x_wconf 84' lang='lat' dir='ltr'><strong>ventus</strong></span> <span class='ocrx_word' id='word_1_130' title='bbox 694 1920 727 1976; x_wconf 88' lang='lat' dir='ltr'><strong>et</strong></span> <span class='ocrx_word' id='word_1_131' title='bbox 745 1934 797 1974; x_wconf 77' lang='lat' dir='ltr'><strong>ser</strong></span> 
     </span>
    </p>

    <p class='ocr_par' dir='ltr' id='par_1_8' title="bbox 98 2013 876 2092">
     <span class='ocr_line' id='line_1_19' title="bbox 98 2013 876 2092; baseline -0.003 -18"><span class='ocrx_word' id='word_1_132' title='bbox 98 2021 131 2074; x_wconf 91' lang='lat' dir='ltr'><strong>et</strong></span> <span class='ocrx_word' id='word_1_133' title='bbox 148 2015 228 2074; x_wconf 76' lang='lat' dir='ltr'><strong>calor</strong></span> <span class='ocrx_word' id='word_1_134' title='bbox 247 2016 327 2074; x_wconf 88' lang='lat' dir='ltr'><strong>inter</strong></span> <span class='ocrx_word' id='word_1_135' title='bbox 347 2036 378 2075; x_wconf 84' lang='lat' dir='ltr'><strong>se</strong></span> <span class='ocrx_word' id='word_1_136' title='bbox 398 2016 520 2092; x_wconf 74' lang='lat' dir='ltr'><strong>vigeant</strong></span> <span class='ocrx_word' id='word_1_137' title='bbox 539 2013 701 2073; x_wconf 83' lang='lat' dir='ltr'><strong>eommixts</strong></span> <span class='ocrx_word' id='word_1_138' title='bbox 719 2032 773 2090; x_wconf 85' lang='lat' dir='ltr'><strong>per</strong></span> <span class='ocrx_word' id='word_1_139' title='bbox 792 2018 876 2072; x_wconf 77' lang='lat' dir='ltr'><strong>artus</strong></span> 
     </span>
    </p>

    <p class='ocr_par' dir='ltr' id='par_1_9' title="bbox 99 2111 823 2189">
     <span class='ocr_line' id='line_1_20' title="bbox 99 2111 823 2189; baseline -0.001 -20"><span class='ocrx_word' id='word_1_140' title='bbox 99 2112 196 2189; x_wconf 78' lang='lat' dir='ltr'><strong>adque</strong></span> <span class='ocrx_word' id='word_1_141' title='bbox 216 2111 284 2170; x_wconf 80' lang='lat' dir='ltr'><strong>aliis</strong></span> <span class='ocrx_word' id='word_1_142' title='bbox 303 2113 385 2171; x_wconf 80' lang='lat' dir='ltr'><strong>eliud</strong></span> <span class='ocrx_word' id='word_1_143' title='bbox 405 2112 503 2171; x_wconf 89' lang='lat' dir='ltr'><strong>subsit</strong></span> <span class='ocrx_word' id='word_1_144' title='bbox 521 2112 617 2188; x_wconf 76' lang='lat' dir='ltr'><strong>magis</strong></span> <span class='ocrx_word' id='word_1_145' title='bbox 636 2111 823 2187; x_wconf 66' lang='lat' dir='ltr'><strong>eminentque</strong></span> 
     </span>
    </p>

    <p class='ocr_par' dir='ltr' id='par_1_10' title="bbox 98 2208 995 2479">
     <span class='ocr_line' id='line_1_21' title="bbox 98 2208 995 2286; baseline -0.002 -18"><span class='ocrx_word' id='word_1_146' title='bbox 98 2215 135 2268; x_wconf 90' lang='lat' dir='ltr'><strong>ut</strong></span> <span class='ocrx_word' id='word_1_147' title='bbox 154 2209 295 2286; x_wconf 66' lang='lat' dir='ltr'><strong>quiddam</strong></span> <span class='ocrx_word' id='word_1_148' title='bbox 314 2210 379 2274; x_wconf 71' lang='lat' dir='ltr'><strong>fieri</strong></span> <span class='ocrx_word' id='word_1_149' title='bbox 399 2209 538 2268; x_wconf 73' lang='lat' dir='ltr'><strong>videatur</strong></span> <span class='ocrx_word' id='word_1_150' title='bbox 556 2210 595 2267; x_wconf 78' lang='lat' dir='ltr'><strong>sb</strong></span> <span class='ocrx_word' id='word_1_151' title='bbox 615 2208 754 2267; x_wconf 87' lang='lat' dir='ltr'><strong>omnibus</strong></span> <span class='ocrx_word' id='word_1_152' title='bbox 774 2227 876 2279; x_wconf 88' lang='lat' dir='ltr'><strong>unum,</strong></span> <span class='ocrx_word' id='word_1_153' title='bbox 937 2208 995 2266; x_wconf 78' lang='lat'><strong>285</strong></span> 
     </span>
     <span class='ocr_line' id='line_1_22' title="bbox 98 2307 927 2383; baseline -0.002 -18"><span class='ocrx_word' id='word_1_154' title='bbox 98 2307 132 2365; x_wconf 92' lang='lat' dir='ltr'><strong>ni</strong></span> <span class='ocrx_word' id='word_1_155' title='bbox 152 2307 287 2377; x_wconf 78' lang='lat' dir='ltr'><strong>calores</strong></span> <span class='ocrx_word' id='word_1_156' title='bbox 307 2312 415 2364; x_wconf 86' lang='lat' dir='ltr'><strong>ventus</strong></span> <span class='ocrx_word' id='word_1_157' title='bbox 435 2325 567 2364; x_wconf 88' lang='lat' dir='ltr'><strong>seorsum</strong></span> <span class='ocrx_word' id='word_1_158' title='bbox 586 2324 776 2382; x_wconf 77' lang='lat' dir='ltr'><strong>seorsumque</strong></span> <span class='ocrx_word' id='word_1_159' title='bbox 795 2310 927 2383; x_wconf 77' lang='lat' dir='ltr'><strong>potestas</strong></span> 
     </span>
     <span class='ocr_line' id='line_1_23' title="bbox 98 2403 860 2479; baseline -0.003 -16"><span class='ocrx_word' id='word_1_160' title='bbox 98 2404 178 2463; x_wconf 80' lang='lat' dir='ltr'><strong>seris</strong></span> <span class='ocrx_word' id='word_1_161' title='bbox 197 2405 378 2479; x_wconf 75' lang='lat' dir='ltr'><strong>interemant</strong></span> <span class='ocrx_word' id='word_1_162' title='bbox 397 2422 515 2461; x_wconf 89' lang='lat' dir='ltr'><strong>sensum</strong></span> <span class='ocrx_word' id='word_1_163' title='bbox 536 2403 715 2479; x_wconf 73' lang='lat' dir='ltr'><strong>diductaque</strong></span> <span class='ocrx_word' id='word_1_164' title='bbox 735 2403 860 2461; x_wconf 79' lang='lat' dir='ltr'><strong>solvent</strong></span> 
     </span>
    </p>

    <p class='ocr_par' dir='ltr' id='par_1_11' title="bbox 99 2495 927 2666">
     <span class='ocr_line' id='line_1_24' title="bbox 99 2495 927 2575; baseline -0.007 -16"><span class='ocrx_word' id='word_1_165' title='bbox 99 2506 147 2560; x_wconf 86' lang='lat' dir='ltr'><strong>est</strong></span> <span class='ocrx_word' id='word_1_166' title='bbox 165 2500 275 2558; x_wconf 82' lang='lat' dir='ltr'><strong>etenim</strong></span> <span class='ocrx_word' id='word_1_167' title='bbox 297 2499 377 2557; x_wconf 79' lang='lat' dir='ltr'><strong>calor</strong></span> <span class='ocrx_word' id='word_1_168' title='bbox 396 2499 448 2556; x_wconf 89' lang='lat' dir='ltr'><strong>ille</strong></span> <span class='ocrx_word' id='word_1_169' title='bbox 466 2498 576 2570; x_wconf 79' lang='lat' dir='ltr'><strong>animo,</strong></span> <span class='ocrx_word' id='word_1_170' title='bbox 597 2516 685 2575; x_wconf 87' lang='lat' dir='ltr'><strong>quem</strong></span> <span class='ocrx_word' id='word_1_171' title='bbox 705 2497 805 2569; x_wconf 77' lang='lat' dir='ltr'><strong>sumit,</strong></span> <span class='ocrx_word' id='word_1_172' title='bbox 827 2496 861 2554; x_wconf 92' lang='lat' dir='ltr'><strong>in</strong></span> <span class='ocrx_word' id='word_1_173' title='bbox 880 2495 927 2554; x_wconf 75' lang='lat' dir='ltr'><strong>irs</strong></span> 
     </span>
     <span class='ocr_line' id='line_1_25' title="bbox 99 2592 915 2666; baseline -0.006 -11"><span class='ocrx_word' id='word_1_174' title='bbox 99 2617 169 2655; x_wconf 81' lang='lat' dir='ltr'><strong>enm</strong></span> <span class='ocrx_word' id='word_1_175' title='bbox 187 2596 326 2655; x_wconf 74' lang='lat' dir='ltr'><strong>fervescit</strong></span> <span class='ocrx_word' id='word_1_176' title='bbox 344 2601 376 2653; x_wconf 88' lang='lat' dir='ltr'><strong>et</strong></span> <span class='ocrx_word' id='word_1_177' title='bbox 396 2613 435 2653; x_wconf 85' lang='lat' dir='ltr'><strong>ex</strong></span> <span class='ocrx_word' id='word_1_178' title='bbox 454 2593 546 2653; x_wconf 84' lang='lat' dir='ltr'><strong>oeulis</strong></span> <span class='ocrx_word' id='word_1_179' title='bbox 566 2594 656 2651; x_wconf 78' lang='lat' dir='ltr'><strong>micet</strong></span> <span class='ocrx_word' id='word_1_180' title='bbox 675 2593 791 2652; x_wconf 77' lang='lat' dir='ltr'><strong>neribus</strong></span> <span class='ocrx_word' id='word_1_181' title='bbox 810 2592 899 2651; x_wconf 69' lang='lat' dir='ltr'><strong>eruor</strong></span> <span class='ocrx_word' id='word_1_182' title='bbox 905 2613 915 2666; x_wconf 84' lang='lat'>3</span> 
     </span>
    </p>

    <p class='ocr_par' dir='ltr' id='par_1_12' title="bbox 98 2691 995 2870">
     <span class='ocr_line' id='line_1_26' title="bbox 98 2691 995 2769; baseline -0.001 -18"><span class='ocrx_word' id='word_1_183' title='bbox 98 2699 147 2753; x_wconf 89' lang='lat' dir='ltr'><strong>est</strong></span> <span class='ocrx_word' id='word_1_184' title='bbox 165 2697 197 2751; x_wconf 88' lang='lat' dir='ltr'><strong>et</strong></span> <span class='ocrx_word' id='word_1_185' title='bbox 216 2691 326 2769; x_wconf 62' lang='lat' dir='ltr'><strong>frigida</strong></span> <span class='ocrx_word' id='word_1_186' title='bbox 345 2692 441 2751; x_wconf 77' lang='lat' dir='ltr'><strong>multe</strong></span> <span class='ocrx_word' id='word_1_187' title='bbox 461 2710 557 2750; x_wconf 83' lang='lat' dir='ltr'><strong>eomes</strong></span> <span class='ocrx_word' id='word_1_188' title='bbox 572 2691 745 2751; x_wconf 51' lang='lat' dir='ltr'><strong>*formidinis</strong></span> <span class='ocrx_word' id='word_1_189' title='bbox 764 2709 838 2749; x_wconf 80' lang='lat' dir='ltr'><strong>eure</strong></span> <span class='ocrx_word' id='word_1_190' title='bbox 936 2691 995 2750; x_wconf 80' lang='lat'><strong>290</strong></span> 
     </span>
     <span class='ocr_line' id='line_1_27' title="bbox 99 2788 904 2870; baseline -0.006 -21"><span class='ocrx_word' id='word_1_191' title='bbox 99 2810 176 2870; x_wconf 76' lang='lat' dir='ltr'><strong>quae</strong></span> <span class='ocrx_word' id='word_1_192' title='bbox 194 2790 254 2848; x_wconf 85' lang='lat' dir='ltr'><strong>eiet</strong></span> <span class='ocrx_word' id='word_1_193' title='bbox 273 2789 423 2848; x_wconf 87' lang='lat' dir='ltr'><strong>horrorem</strong></span> <span class='ocrx_word' id='word_1_194' title='bbox 443 2788 582 2845; x_wconf 88' lang='lat' dir='ltr'><strong>membris</strong></span> <span class='ocrx_word' id='word_1_195' title='bbox 601 2793 633 2845; x_wconf 85' lang='lat' dir='ltr'><strong>et</strong></span> <span class='ocrx_word' id='word_1_196' title='bbox 652 2789 782 2845; x_wconf 77' lang='lat' dir='ltr'><strong>eoncitat</strong></span> <span class='ocrx_word' id='word_1_197' title='bbox 801 2792 884 2844; x_wconf 72' lang='lat' dir='ltr'><strong>artus</strong></span> <span class='ocrx_word' id='word_1_198' title='bbox 893 2806 904 2861; x_wconf 81' lang='lat'>3</span> 
     </span>
    </p>

    <p class='ocr_par' dir='ltr' id='par_1_13' title="bbox 98 2884 805 2962">
     <span class='ocr_line' id='line_1_28' title="bbox 98 2884 805 2962; baseline -0.004 -17"><span class='ocrx_word' id='word_1_199' title='bbox 98 2893 146 2946; x_wconf 89' lang='lat' dir='ltr'><strong>est</strong></span> <span class='ocrx_word' id='word_1_200' title='bbox 165 2886 256 2944; x_wconf 80' lang='lat' dir='ltr'><strong>etism</strong></span> <span class='ocrx_word' id='word_1_201' title='bbox 276 2903 394 2962; x_wconf 88' lang='lat' dir='ltr'><strong>quoque</strong></span> <span class='ocrx_word' id='word_1_202' title='bbox 415 2884 514 2960; x_wconf 75' lang='lat' dir='ltr'><strong>pacati</strong></span> <span class='ocrx_word' id='word_1_203' title='bbox 534 2890 631 2942; x_wconf 73' lang='lat' dir='ltr'><strong>status</strong></span> <span class='ocrx_word' id='word_1_204' title='bbox 650 2885 727 2942; x_wconf 77' lang='lat' dir='ltr'><strong>aeris</strong></span> <span class='ocrx_word' id='word_1_205' title='bbox 746 2884 805 2956; x_wconf 87' lang='lat' dir='ltr'><strong>ille,</strong></span> 
     </span>
    </p>

    <p class='ocr_par' dir='ltr' id='par_1_14' title="bbox 99 2980 820 3060">
     <span class='ocr_line' id='line_1_29' title="bbox 99 2980 820 3060; baseline 0 -20"><span class='ocrx_word' id='word_1_206' title='bbox 99 2988 218 3060; x_wconf 81' lang='lat' dir='ltr'><strong>pectere</strong></span> <span class='ocrx_word' id='word_1_207' title='bbox 237 2981 399 3058; x_wconf 74' lang='lat' dir='ltr'><strong>tranquillo</strong></span> <span class='ocrx_word' id='word_1_208' title='bbox 419 2980 472 3058; x_wconf 88' lang='lat' dir='ltr'><strong>qui</strong></span> <span class='ocrx_word' id='word_1_209' title='bbox 491 2980 528 3038; x_wconf 85' lang='lat' dir='ltr'><strong>fit</strong></span> <span class='ocrx_word' id='word_1_210' title='bbox 548 2981 690 3057; x_wconf 85' lang='lat' dir='ltr'><strong>voltuque</strong></span> <span class='ocrx_word' id='word_1_211' title='bbox 709 2999 820 3040; x_wconf 87' lang='lat' dir='ltr'><strong>sereno.</strong></span> 
     </span>
    </p>

    <p class='ocr_par' dir='ltr' id='par_1_15' title="bbox 98 3075 1076 3447">
     <span class='ocr_line' id='line_1_30' title="bbox 99 3075 829 3155; baseline -0.004 -18"><span class='ocrx_word' id='word_1_212' title='bbox 99 3077 153 3137; x_wconf 85' lang='lat' dir='ltr'><strong>sed</strong></span> <span class='ocrx_word' id='word_1_213' title='bbox 172 3077 261 3137; x_wconf 76' lang='lat' dir='ltr'><strong>enlidi</strong></span> <span class='ocrx_word' id='word_1_214' title='bbox 280 3078 348 3155; x_wconf 88' lang='lat' dir='ltr'><strong>plus</strong></span> <span class='ocrx_word' id='word_1_215' title='bbox 368 3083 415 3135; x_wconf 89' lang='lat' dir='ltr'><strong>est</strong></span> <span class='ocrx_word' id='word_1_216' title='bbox 433 3077 495 3135; x_wconf 89' lang='lat' dir='ltr'><strong>illis</strong></span> <span class='ocrx_word' id='word_1_217' title='bbox 514 3076 623 3153; x_wconf 81' lang='lat' dir='ltr'><strong>quibus</strong></span> <span class='ocrx_word' id='word_1_218' title='bbox 642 3077 722 3135; x_wconf 79' lang='lat' dir='ltr'><strong>seris</strong></span> <span class='ocrx_word' id='word_1_219' title='bbox 741 3075 829 3134; x_wconf 77' lang='lat' dir='ltr'><strong>eorde</strong></span> 
     </span>
     <span class='ocr_line' id='line_1_31' title="bbox 98 3170 1076 3257; baseline -0.001 -25"><span class='ocrx_word' id='word_1_220' title='bbox 98 3172 300 3248; x_wconf 69' lang='lat' dir='ltr'><strong>iracundaque</strong></span> <span class='ocrx_word' id='word_1_221' title='bbox 320 3190 403 3231; x_wconf 87' lang='lat' dir='ltr'><strong>mens</strong></span> <span class='ocrx_word' id='word_1_222' title='bbox 423 3171 511 3230; x_wconf 74' lang='lat' dir='ltr'><strong>fenile</strong></span> <span class='ocrx_word' id='word_1_223' title='bbox 530 3170 696 3230; x_wconf 81' lang='lat' dir='ltr'><strong>effervescit</strong></span> <span class='ocrx_word' id='word_1_224' title='bbox 715 3170 748 3228; x_wconf 88' lang='lat' dir='ltr'><strong>in</strong></span> <span class='ocrx_word' id='word_1_225' title='bbox 766 3170 820 3230; x_wconf 70' lang='lat' dir='ltr'><strong>irs</strong></span> <span class='ocrx_word' id='word_1_226' title='bbox 937 3172 995 3232; x_wconf 76' lang='lat'><strong>295</strong></span> <span class='ocrx_word' id='word_1_227' title='bbox 1068 3242 1076 3257; x_wconf 76' lang='lat'><em>,</em></span> 
     </span>
     <span class='ocr_line' id='line_1_32' title="bbox 99 3266 894 3348; baseline -0.004 -19"><span class='ocrx_word' id='word_1_228' title='bbox 99 3287 160 3348; x_wconf 87' lang='lat' dir='ltr'><strong>quo</strong></span> <span class='ocrx_word' id='word_1_229' title='bbox 180 3286 286 3344; x_wconf 82' lang='lat' dir='ltr'><strong>genens</strong></span> <span class='ocrx_word' id='word_1_230' title='bbox 305 3267 339 3327; x_wconf 87' lang='lat' dir='ltr'><strong>in</strong></span> <span class='ocrx_word' id='word_1_231' title='bbox 358 3267 463 3344; x_wconf 84' lang='lat' dir='ltr'><strong>primis</strong></span> <span class='ocrx_word' id='word_1_232' title='bbox 482 3268 529 3325; x_wconf 84' lang='lat' dir='ltr'><strong>vis</strong></span> <span class='ocrx_word' id='word_1_233' title='bbox 548 3272 595 3326; x_wconf 78' lang='lat' dir='ltr'><strong>est</strong></span> <span class='ocrx_word' id='word_1_234' title='bbox 613 3268 746 3327; x_wconf 75' lang='lat' dir='ltr'><strong>violente</strong></span> <span class='ocrx_word' id='word_1_235' title='bbox 765 3266 894 3340; x_wconf 88' lang='lat' dir='ltr'><strong>leonum,</strong></span> 
     </span>
     <span class='ocr_line' id='line_1_33' title="bbox 100 3364 997 3447; baseline -0.007 -22"><span class='ocrx_word' id='word_1_236' title='bbox 100 3373 222 3447; x_wconf 75' lang='lat' dir='ltr'><strong>pectora</strong></span> <span class='ocrx_word' id='word_1_237' title='bbox 240 3365 293 3441; x_wconf 87' lang='lat' dir='ltr'><strong>qui</strong></span> <span class='ocrx_word' id='word_1_238' title='bbox 312 3364 435 3431; x_wconf 68' lang='lat' dir='ltr'><strong>fremitu</strong></span> <span class='ocrx_word' id='word_1_239' title='bbox 455 3372 600 3441; x_wconf 84' lang='lat' dir='ltr'><strong>rumpunt</strong></span> <span class='ocrx_word' id='word_1_240' title='bbox 619 3366 793 3443; x_wconf 84' lang='lat' dir='ltr'><strong>plerumque</strong></span> <span class='ocrx_word' id='word_1_241' title='bbox 812 3371 963 3443; x_wconf 77' lang='lat' dir='ltr'><strong>gementes</strong></span> <span class='ocrx_word' id='word_1_242' title='bbox 993 3411 997 3419; x_wconf 86' lang='lat'>.</span> 
     </span>
    </p>
   </div>
   <div class='ocr_carea' id='block_1_3' title="bbox 0 0 1104 3764">
    <p class='ocr_par' dir='ltr' id='par_1_16' title="bbox 0 0 1104 3764">
     <span class='ocr_line' id='line_1_34' title="bbox 0 0 1104 3764; baseline 0 0"><span class='ocrx_word' id='word_1_243' title='bbox 0 0 1104 3764; x_wconf 95' lang='lat' dir='ltr'><strong> </strong></span> 
     </span>
    </p>
   </div>
  </div>
 </body>
</html>
