2198 3764
1 289 3 293 3
80 199 118 258 54
431 198 619 260 roceum

79 352 292 426 proptereaque
313 347 406 406 solere
426 348 492 406 vias
514 346 683 407 rescindere
705 346 816 406 nostris

80 446 214 506 sensibus
234 447 419 524 introituque
439 465 494 506 suo
514 465 704 525 perrumpere
725 465 840 522 corpus

79 594 119 654 So
132 592 193 653 else
207 592 277 651 sciti
290 592 333 651 all
345 592 443 668 things
458 553 551 652 witich
560 613 610 652 arc
620 594 755 670 pleasant
764 613 799 652 or
808 593 856 652 tlte
868 613 980 652 reverse

120 701 149 751 to
162 711 224 767 any
237 690 275 767 os
282 691 327 750 tlte
336 710 435 752 sena.
467 691 526 750 rra
535 691 638 768 stupes
651 690 688 769 of
694 691 872 751 tteirctoms
883 691 919 750 di
942 712 978 751 cr.

121 788 248 848 ‘Toucb’
262 790 289 859 is
304 789 349 848 tie
362 797 414 848 test
427 789 463 847 in
476 789 519 848 all
530 809 613 860 cases.

121 912 229 972 Omnis
248 919 397 990 postremo
416 913 495 972 bona
514 912 649 971 sensibus
669 917 702 971 et
722 911 801 971 mala
823 916 912 971 tectu

80 1009 218 1070 dissimili
239 1010 320 1068 inter
345 1027 377 1068 se
396 1015 533 1087 pugnant
551 1010 684 1087 perfecta
703 1010 798 1087 figura
808 1030 818 1084 3

80 1113 172 1166 netu
191 1106 270 1166 forte
291 1113 378 1184 putee
400 1125 499 1166 serrae
522 1107 676 1166 stridentis
695 1108 835 1167 acerbum
921 1108 980 1167 410

80 1204 231 1263 horrorem
251 1209 387 1263 constare
404 1203 558 1262 elementis
579 1203 694 1263 levibus
713 1223 806 1281 aeque

81 1321 116 1362 ac
135 1322 255 1362 musace
273 1302 357 1375 mele,
376 1320 430 1379 per
447 1302 570 1360 chordas
587 1302 719 1380 organici
735 1321 812 1380 quae

81 1399 239 1458 mobilibus
257 1398 359 1476 digitis
375 1397 582 1476 expergefacta
600 1399 730 1475 figurent
739 1417 749 1472 3

81 1515 141 1554 nen
160 1495 250 1554 simili
270 1501 426 1572 penetrare
444 1500 532 1572 putes
549 1494 711 1572 primordie
727 1494 824 1553 forme

81 1593 115 1650 in
127 1611 214 1651 nares
231 1591 394 1664 hominum,
413 1610 481 1650 cum
499 1596 598 1650 taetra
615 1592 759 1650 sedavere
776 1596 906 1664 torrent,
922 1594 982 1650 415

82 1695 195 1747 etcum
215 1706 303 1747 scena
319 1706 404 1746 croco
427 1687 514 1747 Oilici
533 1686 654 1765 perfusa
671 1706 772 1746 recens
790 1693 838 1746 est

83 1803 191 1862 araque
211 1783 382 1843 Panchaeos
404 1784 527 1843 exhalat
544 1791 666 1863 propter
687 1783 790 1843 odores
800 1804 812 1859 3

82 1898 158 1939 nere
176 1881 269 1940 bonos
285 1899 386 1939 rerum
404 1880 495 1939 simili
512 1887 647 1940 constare
664 1882 775 1940 colores

83 1981 194 2036 semine
213 1978 384 2051 constitues,
403 1979 502 2037 oculos
525 1979 578 2056 qui
601 1997 719 2056 pascere
739 1983 875 2055 possunt,

83 2080 116 2135 et
135 2076 188 2153 qui
206 2080 400 2153 conpungunt
415 2076 508 2134 aciem
530 2075 745 2153 lacrimareque
764 2079 880 2151 cogunt
923 2077 984 2134 420

84 2177 138 2231 aut
158 2171 246 2231 foeda
267 2172 365 2248 specie
382 2171 444 2231 diri
464 2178 624 2249 turpesque
644 2172 793 2232 videntur.

84 2269 180 2328 omnis
196 2270 285 2341 enim,
299 2285 402 2327 sensus
414 2287 491 2346 quae
507 2269 619 2343 mulcet
638 2271 770 2346 cumquej
776 2265 888 2344 figam-a

83 2368 158 2427 haut
178 2367 243 2427 sine
263 2366 432 2444 principiali
455 2367 555 2444 aliquo
575 2367 675 2426 levore
697 2371 825 2426 createst
834 2387 844 2442 3

83 2472 116 2523 at
135 2471 239 2524 contra
258 2483 460 2543 quaecumque
479 2465 603 2523 moleste
618 2469 708 2544 etque
725 2483 829 2541 aspere
851 2472 985 2538 constet,

84 2579 144 2619 non
161 2562 263 2639 aliquo
281 2561 346 2619 sine
365 2561 506 2619 materiae
524 2560 659 2638 squalore
679 2565 833 2639 repertast
925 2566 985 2622 425

84 2664 156 2716 sunt
176 2659 267 2718 etiam
290 2676 367 2736 quse
388 2657 449 2716 iam
469 2675 524 2716 neo
544 2656 623 2714 levis
642 2655 707 2714 iure
724 2661 875 2732 putantur

85 2770 148 2811 esse
165 2771 262 2830 neque
280 2753 401 2812 omnino
420 2752 506 2813 flexis
525 2752 714 2810 mucronibus
733 2770 820 2824 unce,

85 2847 137 2906 sed
156 2849 251 2925 magis
269 2841 394 2925 angellis
413 2848 534 2925 paulum
554 2848 767 2926 prostantibus,
787 2848 880 2924 utqui

84 2945 209 3005 titillare
228 2946 321 3022 magis
341 2964 444 3005 sensus
462 2964 552 3022 quam
571 2945 688 3005 laedere
705 2944 820 3023 possint
829 2964 840 3019 3

85 3041 200 3102 faecula
216 3042 277 3100 iam
294 3060 353 3119 quo
366 3042 522 3119 degenere
535 3047 582 3100 est
598 3041 756 3120 inulaeque
768 3061 902 3119 sapores.
929 3049 988 3107 430

86 3137 212 3214 denique
230 3138 290 3197 iam
310 3136 422 3197 calidos
440 3137 518 3213 ignis
536 3135 722 3214 gelidamque
739 3137 884 3213 pruinam

86 3232 223 3294 dissimili
242 3231 365 3292 dentata
383 3231 471 3290 modo
490 3250 675 3309 conpungere
694 3250 799 3292 sensus

87 3330 223 3411 corporis,
245 3328 357 3387 indicio
375 3329 461 3388 nobis
480 3334 525 3389 est
544 3333 643 3388 tactus
663 3335 795 3407 uterque.
