2198 3764
97 226 136 294 ll
449 225 637 297 avenur'l
671 226 676 237 ’

95 402 149 459 per
171 401 201 440 se
222 387 368 441 secretum
390 401 487 460 neque
510 383 632 461 posthac
655 402 719 442 esse
739 382 861 457 valebit,

57 503 62 514 ·
95 478 218 538 alterius
240 478 410 556 quoniamst
431 479 529 555 ipsum
553 496 630 556 pars,
653 479 806 556 primaque
828 482 862 535 et
883 494 949 534 una

95 576 165 636 inde
177 577 252 634 aliae
266 582 356 653 atque
368 576 443 635 alise
456 576 567 635 similes
579 595 619 634 ex
632 573 734 634 ordine
747 580 847 652 partas
936 572 998 632 605

95 673 211 749 agmine
232 672 378 732 condenso
400 678 539 732 naturam
560 673 691 749 corporis
711 672 842 748 explent,

95 787 171 845 quae
191 768 331 846 quoniam
355 787 408 845 per
430 787 462 826 se
484 777 636 845 nequeunt
656 774 799 839 constare,
821 771 977 825 necessest

95 864 215 922 haerere
238 863 318 921 unde
338 869 450 940 queant
470 862 554 920 nulla
575 863 691 922 ratione
714 850 827 921 revelli.

95 965 167 1017 sunt
188 959 281 1035 igitur
301 958 395 1017 solida
415 959 576 1035 primordia
599 958 790 1035 simplicitate

95 1075 170 1133 quae
190 1056 321 1115 minimis
341 1056 452 1133 stipata
473 1055 631 1114 cohaerent
651 1055 787 1132 partibus
807 1059 884 1125 arte,
938 1054 999 1113 610

94 1172 155 1212 non
177 1173 215 1212 ex
235 1153 355 1212 illarum
374 1157 524 1211 conventu
545 1152 710 1225 conciliata,

94 1250 147 1309 sed
169 1251 263 1326 magis
283 1256 404 1308 aeterna
424 1248 568 1326 pollentia
590 1248 788 1325 simplicitate,

94 1348 173 1407 unde
195 1366 291 1425 neque
318 1347 407 1405 avelli
429 1346 588 1425 quicquam
608 1366 704 1424 neque
725 1344 862 1404 deminui
884 1345 951 1404 iam

95 1444 229 1502 concedit
248 1449 357 1501 natura
379 1461 533 1502 reservans
553 1443 667 1503 semina
687 1444 782 1502 rebus

94 1545 246 1617 praeterea
258 1539 317 1596 nisi
330 1539 389 1597 erit
401 1539 565 1612 minimum,
579 1539 752 1616 parvissima
764 1557 903 1616 quaeque
941 1539 998 1597 615

95 1654 218 1711 corpora
240 1634 417 1694 constabunt
437 1653 476 1694 ex
498 1637 634 1714 partibus
654 1635 789 1709 infinitis,

2 1804 4 1807 .
95 1730 204 1807 quippe
225 1728 278 1787 ubi
298 1727 437 1788 dimidiae
460 1733 553 1808 partis
570 1751 640 1808 pars
661 1750 776 1806 semper
798 1729 930 1790 habebit

95 1825 249 1885 dimidiam
271 1831 385 1902 partem
405 1845 460 1884 nco
481 1844 528 1884 res
548 1827 703 1904 praefiniet
723 1826 793 1886 ulla

94 1941 165 1998 ergo
186 1941 283 1980 rerum
305 1922 385 1980 inter
405 1941 550 1980 summam
573 1923 785 2001 minimamque
806 1923 883 2000 quid
907 1924 1001 1984 asciti

95 2019 141 2077 nil
154 2018 212 2077 crit
224 2022 261 2076 ut
273 2018 381 2092 distet;
395 2037 463 2076 nam
477 2019 613 2094 quamvis
626 2019 761 2079 funditus
774 2021 875 2078 omnis
941 2021 1001 2080 620

96 2131 212 2170 summa
234 2112 275 2170 sit
293 2112 423 2183 infinita,
447 2117 555 2185 tamen,
575 2113 750 2189 parvissima
769 2132 849 2191 quae
870 2121 957 2190 aunt,

95 2227 136 2266 ex
158 2207 284 2266 infinitis
304 2207 483 2265 constabunt
505 2208 641 2284 pertibus
663 2226 763 2286 aeque.

96 2304 175 2380 quod
198 2303 337 2381 quoniam
361 2304 439 2362 ratio
461 2305 601 2363 reclamat
621 2324 693 2363 vera
714 2311 866 2385 negatque

96 2401 213 2458 credere
235 2418 319 2476 posse
341 2398 481 2470 animum,
503 2400 600 2458 vietus
623 2400 737 2460 fateare
758 2411 914 2464 necessest

96 2515 159 2555 esse
171 2515 294 2574 eaquae
307 2496 398 2554 nullis
411 2497 470 2554 iam
483 2497 618 2574 praedita
630 2501 766 2576 partibus
779 2507 894 2562 extent
942 2506 1002 2564 625

96 2597 129 2649 et
149 2591 270 2650 minime
293 2598 429 2650 constent
448 2598 564 2651 natura
602 2611 677 2670 quae
700 2597 843 2672 quoniam
866 2607 952 2674 sunt,

96 2684 149 2742 illa
161 2704 277 2764 quoque
290 2705 352 2745 esse
365 2687 422 2744 tibi
435 2687 528 2744 solida
541 2693 631 2764 atque
644 2694 767 2748 aeterna
780 2693 955 2757 latendum.

96 2777 223 2856 denique
242 2781 269 2838 si
287 2781 425 2839 minimas
444 2783 478 2839 in
496 2784 591 2860 partis
611 2793 719 2845 cuncta
737 2789 850 2848 resolvi

97 2894 199 2952 cogere
219 2884 386 2937 consuesset
404 2898 503 2937 rerum
522 2887 631 2940 natura
650 2885 788 2959 creatrix,

96 2971 157 3028 iam
176 2971 220 3029 nil
239 2993 277 3031 ex
297 2974 357 3032 illis
376 2975 478 3032 eadem
498 2994 634 3053 reparare
653 2981 769 3040 valeret
940 2987 999 3047 630

97 3072 252 3144 propterea
270 3071 350 3146 quis,
369 3079 446 3147 quae
464 3072 556 3130 nullis
574 3080 647 3133 sunt
666 3078 805 3154 partibus
825 3087 931 3159 aucta,

97 3183 158 3221 non
177 3171 300 3241 possunt
318 3185 354 3225 ea
373 3185 449 3243 quae
468 3168 557 3228 debet
575 3173 714 3248 genitalis
733 3176 845 3238 habere
887 3171 890 3174 ⁴

98 3260 242 3331 materies,
263 3262 361 3319 varios
380 3281 508 3322 conexus
527 3261 658 3342 pondera
676 3271 781 3349 plagas

98 3375 255 3419 concursus
273 3366 380 3434 motus,
400 3379 454 3438 per
473 3381 549 3440 quae
569 3383 616 3424 res
636 3387 772 3450 quaeque
791 3382 952 3452 geruntur.
