2198 3764
94 218 152 280 100
439 216 635 280 nocem

113 426 192 509 (viii)
232 427 305 493 Men
319 415 398 502 often
410 424 459 485 die
473 424 543 484 ltmt
556 424 593 501 by
607 422 686 482 ltmt.
729 420 772 480 In
785 420 846 481 tlcic
857 441 979 500 procem
996 490 1001 516 .-

147 523 192 583 tltc
204 522 271 583 scol
283 524 310 582 s‘s
323 522 437 588 covered
451 521 514 580 ccccl
524 540 556 580 sc
569 521 598 580 ie
611 519 710 579 shown
723 527 751 577 to
765 517 798 577 bc
811 519 935 580 mortol.

133 653 271 729 Denique
289 671 377 728 saepe
396 650 546 710 hominem
565 649 710 728 paulatim
729 647 883 709 cernimus
902 649 951 711 ire

93 754 126 810 et
144 748 333 809 membratim
352 748 476 810 vitalem
495 746 655 824 deperdere
675 765 794 804 sensum
803 766 813 822 3

94 847 128 904 in
147 846 272 924 pedibus
292 845 421 923 primum
442 843 551 921 digitos
570 843 711 902 livescere
730 848 762 900 et
782 843 907 919 unguis,

94 944 165 1003 inde
184 944 274 1021 pedes
293 949 325 1002 et
344 962 431 1003 crure
450 942 535 1015 mori,
556 947 625 1019 post
643 941 712 999 inde
731 959 786 1018 per
804 947 895 1002 crtus

95 1041 139 1100 ire
158 1040 231 1099 alios
250 1041 371 1099 tractim
391 1038 482 1116 gelidi
501 1037 627 1115 vestigia
647 1037 707 1099 leti.
942 1038 997 1096 530
1028 1040 1030 1044 “

96 1135 243 1196 scinditur
259 1135 343 1213 itque
359 1135 476 1193 animas
492 1135 549 1196 hoc
568 1134 708 1213 quoniam
727 1140 839 1196 nature
859 1156 919 1199 nec
939 1158 995 1198 uno

96 1243 228 1315 tompore
247 1235 361 1295 sincere
378 1234 486 1293 existit
505 1234 640 1295 mortalis
658 1234 832 1300 habendest

96 1430 155 1510 (ix)
194 1429 257 1490 For
270 1427 305 1504 is
316 1428 362 1490 tte
375 1429 443 1490 scol
459 1437 602 1489 contracte
619 1429 683 1490 icto
697 1450 751 1489 oce
764 1439 838 1507 part
851 1432 923 1509 why
936 1433 996 1492 doc

185 1536 237 1587 cot
251 1527 314 1586 ctat
322 1535 395 1603 pact
408 1527 487 1586 stow
498 1547 520 1586 o
532 1527 634 1604 dieder
649 1528 747 1604 deqcec
760 1526 798 1604 of
804 1533 912 1592 eecce?

98 1665 178 1743 quod
197 1665 225 1723 si
243 1664 323 1724 forte
341 1670 430 1742 putes
449 1665 544 1742 ipsam
564 1685 596 1724 se
615 1684 700 1743 posse
719 1684 773 1743 per
792 1673 881 1726 crtus

99 1763 246 1839 introsum
265 1761 383 1821 trahere
402 1768 434 1822 et
452 1763 546 1840 partis
566 1763 728 1822 conducere
746 1762 781 1820 in
800 1783 899 1843 unum

99 1867 189 1938 atque
208 1859 276 1918 ideo
294 1859 411 1918 cunctis
430 1877 550 1939 sensum
570 1859 714 1918 deducere
734 1860 887 1944 membris,
943 1862 997 1922 ott

39 2000 44 2011 „
100 1960 134 2014 at
152 1955 233 2014 locus
252 1955 304 2014 ille
324 1961 434 2028 tomen,
454 1974 513 2032 quo
533 1955 618 2033 copia
637 1960 725 2015 tonte
744 1958 859 2016 animai

101 2057 224 2132 cogitur,
245 2055 388 2114 insensu
408 2055 496 2113 debet
515 2056 626 2114 maiore
646 2057 759 2130 vider-13

100 2153 310 2232 quiquoniam
330 2159 514 2229 nusquamst,
536 2153 678 2212 nimirum
697 2159 734 2213 ut
753 2153 889 2236 diximus
909 2167 982 2232 anu,

102 2251 245 2310 dilaniata
263 2251 343 2311 foras
362 2251 551 2329 dispergitur,
573 2252 678 2311 interit
696 2272 774 2330 ergo.

102 2446 150 2528 (x)
183 2447 268 2507 Ecce
281 2445 315 2524 if
321 2447 346 2507 it
360 2466 430 2506 were
442 2467 483 2520 eo,
497 2447 542 2507 tlcc
555 2447 623 2508 eccl
635 2448 662 2508 tc
675 2449 841 2530 yrcdcclly
856 2452 1003 2514 deodcmd

241 2557 244 2562 ·
357 2545 420 2603 amd
433 2543 569 2622 therefore
581 2545 610 2605 c'e
623 2546 737 2606 moret

103 2692 178 2769 ¹quin
196 2691 288 2751 etiem
306 2692 333 2750 si
352 2691 412 2750 iem
431 2692 524 2751 libeat
544 2692 702 2752 concedere
721 2692 832 2753 fulsum
950 2699 1004 2757 540

105 2796 136 2847 et
156 2789 226 2846 dere
245 2807 329 2865 posse
349 2789 479 2847 enimam
498 2789 656 2865 glomerari
675 2791 708 2848 in
727 2811 852 2870 corpore
873 2814 987 2872 eorum,

103 2886 220 2945 lumina
239 2886 292 2962 qui
310 2886 427 2946 lincunt
446 2887 617 2946 moribundi
635 2887 851 2964 particulatim,

105 2981 260 3039 mortalem
279 2987 380 3040 tamen
400 3000 463 3041 esse
482 2984 613 3042 animem
632 2983 746 3044 fcteere
766 3005 901 3066 necesse,

106 3097 160 3137 nec
179 3078 271 3136 refert
289 3083 392 3137 utrum
412 3085 515 3157 pereat
534 3081 664 3158 disperso
683 3101 737 3158 per
756 3101 848 3144 eures

107 3196 147 3234 an
166 3180 317 3234 contrecta
336 3177 398 3235 suis
416 3196 434 3235 e
453 3178 589 3254 portibus
608 3180 809 3253 obbrutesoet,
954 3185 1007 3246 545

108 3272 226 3351 quando
238 3271 386 3332 hominem
400 3278 498 3333 totum
509 3276 601 3352 magis
610 3296 646 3334 co
656 3277 750 3353 magis
759 3278 899 3358 undique
908 3301 1007 3344 sensus

102 3369 207 3430 deficit
226 3374 257 3428 et
276 3367 356 3433 vitae
375 3369 473 3430 minus
494 3376 525 3430 et
544 3371 644 3437 minus
664 3371 797 3455 undiquc
817 3383 927 3442 restet.
