2198 3764
27 246 30 254 ·
153 221 211 281 118
506 215 707 280 Leonam·

150 385 226 445 quae
239 374 340 424 tamen
353 365 410 424 etsi
423 365 541 437 absunt,
556 371 590 425 at
602 384 686 423 mens
699 364 758 423 sibi
771 364 890 423 conscia
903 364 997 424 factis

149 465 357 537 praemetuens
376 458 499 517 adhibet
518 457 654 516 stimulos
675 464 826 534 terretque
846 457 980 535 flagellis

148 574 204 614 neo
222 554 306 613 videt
324 554 439 613 interea
458 555 511 631 qui
530 554 676 613 terminus
696 572 759 611 esse
780 553 931 613 malorum
981 554 1053 613 1020

148 654 243 731 pomit
262 672 317 710 nec
336 671 412 730 quae
433 652 474 711 sit
493 671 654 729 poenarum
675 650 803 728 denique
821 636 896 710 finis

149 755 239 826 atque
252 748 355 807 eadem
364 749 473 806 metuit
482 749 577 825 magis
587 747 706 806 haecne
716 748 749 805 in
758 751 856 806 morte
866 755 1051 825 gravescunt

148 845 198 903 hic
217 845 383 904 Acherusia
402 845 439 904 fit
458 846 619 905 stultorum
640 845 767 922 denique
786 845 860 904 vita

328 1019 425 1078 Better
444 1038 511 1077 mco
529 1017 602 1076 toea
622 1017 691 1077 died
709 1017 801 1094 before
820 1037 868 1078 ue.
911 1060 918 1068 -

188 1128 257 1190 Hoc
276 1131 368 1190 etiam
387 1130 446 1189 tibi
464 1136 531 1189 tute
551 1131 702 1190 interdum
723 1130 819 1189 dicere
839 1132 941 1208 possis

150 1229 280 1288 ‘lumina
300 1231 340 1288 sis
360 1230 453 1288 oculis
473 1230 564 1289 etiam
584 1231 679 1288 bonus
699 1229 798 1288 Ancu'
817 1231 949 1308 reliquit
978 1231 1050 1290 1025

148 1328 201 1404 qui
219 1327 324 1386 melior
343 1326 448 1386 multis
467 1346 556 1405 quam
574 1329 612 1385 *tu
631 1327 701 1400 fuit,
722 1327 866 1404 improbe,
887 1331 989 1390 rebus

147 1424 218 1483 inde
236 1424 289 1482 alii
309 1425 397 1482 multi
416 1443 499 1501 reges
519 1443 676 1500 rerumque
695 1430 832 1502 potentes

148 1522 326 1596 oeciderunt,
348 1524 463 1600 magnis
483 1523 536 1601 qui
555 1524 694 1600 gentibus
714 1523 938 1600 imperitarunt.

80 1608 83 1614 ’
147 1619 199 1676 1116
212 1638 328 1696 quoque
341 1620 413 1697 ipse,
427 1620 508 1678 viam
522 1620 575 1698 qui
587 1621 736 1698 quondam
749 1608 803 1698 per
812 1641 897 1680 mare
911 1643 1051 1702 magnum

148 1717 258 1775 stravit
276 1717 392 1794 iterque
412 1718 494 1776 dedit
514 1718 679 1795 legionibus
699 1718 743 1776 ire
762 1737 816 1795 per
836 1719 936 1778 altum
976 1721 1051 1780 1030

147 1833 181 1872 ac
200 1813 326 1891 pedibus
346 1816 437 1874 sabas
457 1815 559 1874 docuit
578 1834 717 1893 superare
736 1816 861 1875 lucunas

148 1915 180 1969 et
198 1911 357 1970 contemsit
376 1910 461 1988 equis
479 1912 628 1970 insultans
648 1930 802 1970 murmura
821 1913 918 1990 ponti,

146 2007 259 2067 lumine
278 2010 417 2086 adempto
437 2011 567 2068 animam
587 2009 762 2069 moribundo
783 2029 908 2087 corpore
927 2011 1019 2073 fudit.

147 2100 308 2179 Scipiadas,
328 2101 401 2160 belli
419 2101 543 2174 fulmen,
565 2101 754 2178 Carthaginis
773 2101 890 2173 horror,

146 2217 212 2256 ossa
225 2198 309 2257 dedit
321 2203 419 2256 terrae
430 2198 555 2274 proinde
568 2217 603 2256 ao
616 2198 709 2256 famul
721 2197 843 2256 infimus
856 2203 947 2261 esset.
976 2200 1050 2259 1035

146 2292 222 2352 adde
242 2299 406 2371 repertores
425 2294 627 2353 doctrinarum
647 2300 737 2372 atque
757 2295 903 2372 leporum,

146 2392 222 2450 adde
240 2391 472 2450 Heliconiadum
490 2391 630 2464 comites3
650 2410 777 2468 quorum
795 2410 876 2449 unus
897 2392 1051 2454 Homerus

146 2493 262 2566 sceptra
282 2489 397 2565 potitus
419 2489 521 2547 eadem
545 2489 612 2547 eliis
635 2488 742 2566 sopitu’
763 2489 906 2567 quietest.

146 2585 272 2664 denique
292 2585 498 2645 Democritum
518 2593 676 2662 postquam
697 2592 815 2645 matura
834 2593 977 2648 vetustas

146 2683 302 2743 admonuit
320 2702 464 2742 memores
483 2691 583 2743 motus
602 2684 791 2761 languescere
810 2685 935 2760 mentis,
975 2687 1050 2749 1040

146 2786 250 2856 sponte
270 2799 324 2838 sua
344 2781 404 2838 leto
425 2785 516 2857 caput
535 2781 640 2839 obvius
661 2782 771 2859 optulit
790 2781 862 2858 ipse.

145 2876 209 2953 ipse
229 2877 377 2953 Epicurus
396 2879 461 2937 obit
481 2877 604 2937 decurso
624 2879 737 2938 lumine
756 2881 847 2952 vitae,
887 2889 890 2893 ’

146 2974 199 3052 qui
217 2994 310 3050 genus
328 2975 494 3035 humanum
513 2975 633 3053 ingenio
652 2977 807 3052 superavit
826 2982 860 3036 et
882 2981 985 3041 omnis

145 3069 311 3143 restincxit,
333 3072 434 3131 stellas
453 3081 575 3132 exortus
595 3078 631 3132 ut
650 3073 800 3132 aetherius
820 3073 873 3135 sol.

145 3168 182 3224 tu
201 3183 272 3223 vero
292 3165 443 3226 dubitabis
462 3176 493 3226 et
513 3169 705 3246 indignabere
725 3168 828 3228 obiret
929 3175 930 3178 ’
976 3171 1045 3234 1040

145 3265 264 3319 mortua
283 3261 333 3324 cui
352 3262 417 3321 vita
436 3268 483 3322 est
501 3283 598 3342 prope
612 3266 673 3323 iam
693 3265 765 3323 vivo
784 3270 881 3344 atque
902 3269 1028 3344 vidend
1091 3314 1093 3321 ι

146 3357 199 3436 qui
218 3377 321 3418 somno
340 3363 456 3438 partem
475 3362 616 3423 maiorem
636 3362 764 3424 conteris
783 3363 854 3426 aevi
