2198 3764
429 188 561 248 LIBER
583 190 611 250 Ῑ.
927 191 963 253 17

67 335 223 395 servitium
243 343 346 395 contra
365 345 526 416 paupertas
547 339 737 418 divitiaeque,
793 364 796 370 ·
821 342 824 347 ’
903 341 962 399 455

66 433 190 493 libertas
209 435 320 493 ballum
340 435 505 509 concordia,
527 443 625 494 cetera
644 456 770 514 quorum
808 484 810 489 .

66 530 200 590 advcrmu
221 539 321 590 manet
340 532 496 591 incolumis
515 538 625 591 natura
643 535 796 613 obituque,

66 629 139 688 hacc
159 631 240 688 soliti
260 650 369 703 sumus,
392 637 428 688 ut
447 651 501 708 par
520 637 575 705 est,
596 638 705 690 eventa
724 651 836 692 vocare.

66 735 184 806 tempus
203 729 276 786 item
295 747 349 804 per
368 747 400 786 sa
421 748 482 786 non
501 734 557 800 ast,
577 729 629 787 sed
649 729 737 787 rebus
757 729 796 787 ab
815 727 888 806 ipsis

66 826 257 903 consequitur
277 845 389 899 sensus,
410 831 595 885 transactum
615 825 687 902 quid
701 815 788 883 sitin
801 844 883 896 aevo,
903 824 962 883 460

64 928 130 982 tum
152 943 227 1000 quae
246 942 293 982 res
313 924 417 996 instet,
436 924 509 1000 quid
528 943 616 1001 porro
636 922 743 981 deinde
763 930 911 1001 sequatur.

64 1039 120 1079 nac
140 1039 193 1097 per
212 1040 243 1079 sc
263 1041 440 1099 quemquam
459 1026 577 1099 tempus
598 1021 709 1079 sentire
728 1021 914 1080 fatendumst

64 1125 211 1177 semotum
232 1119 271 1177 ab
290 1138 389 1177 rerum
409 1127 493 1178 motu
513 1120 689 1199 placidaque
708 1119 815 1196 quiete

63 1215 192 1292 denique
212 1215 410 1293 Tyndaridem
430 1222 548 1294 raptam
568 1217 703 1294 belloque
723 1218 862 1276 subactas

64 1314 257 1391 Troiiugenas
275 1317 373 1393 gentis
394 1335 461 1373 cum
481 1316 587 1375 dieunt
604 1335 676 1390 esse,
691 1316 881 1375 videndumst
901 1317 959 1376 465

64 1431 103 1470 ne
123 1413 200 1471 forte
219 1413 291 1471 baec
310 1409 415 1491 per'se
435 1420 617 1489 cogantnos
638 1432 701 1471 csse
720 1413 820 1488 fateri,
893 1456 895 1462 -

64 1508 185 1585 quando
214 1528 250 1568 aa
278 1510 375 1568 saecla
404 1509 568 1583 hominum,
602 1529 729 1588 quorum
754 1511 827 1570 haee
853 1517 960 1570 eventa

146 1605 279 1678 fuerunt,

62 1702 271 1762 inrevocabilis
290 1705 449 1763 abstulerit
468 1706 528 1764 inm
548 1707 711 1784 praeterita
729 1711 810 1764 aetas
820 1727 830 1781 ;

62 1820 192 1879 namque
211 1802 288 1861 aliut
307 1802 438 1877 Teucris,
458 1805 537 1863 aliut
556 1805 726 1882 regionibus
745 1805 819 1882 ipsis

63 1899 285 1961 eventum-dici
305 1903 416 1976 poterit
435 1901 640 1978 quodcumque
660 1901 718 1959 erit
737 1908 845 1963 actum.
899 1900 958 1962 470

65 1995 193 2073 denique
204 1998 351 2056 materies
371 1998 398 2055 si
417 2017 517 2056 rerum
536 1999 621 2056 nulla
639 1984 746 2057 luisset

61 2114 117 2152 nec
137 2094 218 2152 locus
237 2113 271 2152 ac
291 2095 429 2172 spatium,
450 2115 497 2154 res
519 2096 553 2153 in
572 2114 631 2172 quo
651 2115 784 2173 quaeque
803 2102 956 2172 geruntur,

61 2199 225 2270 numquam
245 2193 424 2270 Tyndaridis
443 2194 555 2251 formae
575 2193 719 2252 conflatus
738 2213 837 2253 amore

61 2290 150 2367 ignis,
170 2291 340 2348 Alexandri
359 2290 491 2367 Phrygio
511 2291 567 2349 sub
586 2296 704 2368 pectore
724 2292 858 2368 gliscens,

61 2388 144 2446 clara
162 2389 344 2447 accendisset
362 2389 444 2447 saevi
464 2388 626 2446 certamina
644 2389 723 2464 belli,
897 2390 955 2452 475

61 2503 118 2542 nec
138 2484 215 2542 olam
234 2484 375 2543 durateus
395 2484 540 2555 Troiianis
560 2483 705 2560 Pergama
723 2490 814 2561 partu

60 2580 275 2640 inflammasset
293 2573 384 2658 equos
403 2589 549 2640 nocturno
570 2581 815 2658 Graiiugenarum
825 2605 834 2658 3

60 2679 226 2757 perspicere
245 2679 394 2756 ut‘possis
412 2698 460 2738 res
479 2685 578 2756 gestas
598 2679 736 2738 funditus
755 2683 851 2742 omnis

47 2774 123 2833 'non
141 2775 187 2833 ita
200 2774 254 2832 'uti
273 2794 379 2852 corpus
398 2794 452 2852 per
471 2794 503 2834 se
523 2781 658 2834 constare
676 2795 772 2853 neque
792 2763 867 2852 esse,¹
903 2764 908 2768 ²

59 2889 116 2929 nec
135 2871 251 2928 ratione
271 2870 367 2929 cluere
387 2872 489 2929 eadem
510 2891 569 2949 qua
585 2878 700 2932 constet
718 2875 815 2950 inane,
894 2861 954 2939 480

60 2970 113 3029 aad
133 2969 227 3046 inagis
247 2975 283 3027 ut
302 2970 408 3028 merito
427 2971 521 3047 possis
541 2955 649 3037 eventa
668 2991 773 3031 vocare

59 3067 190 3145 corporis
209 3072 299 3145 atque
319 3066 385 3141 loci,
405 3086 452 3125 ras
472 3068 504 3125 in
525 3086 584 3144 quo
604 3088 736 3146 quaeque
756 3079 903 3147 gerantur.
