2198 3764
151 221 191 282 86
497 215 697 282 ‘tuorum

151 367 215 424 sive
230 365 352 424 aliunde
368 366 427 443 ipsi
447 386 535 443 porro
552 372 674 425 traxere
692 372 724 424 et
739 365 773 424 in
792 366 877 423 illum

150 462 379 531 transtulerunt,
397 464 518 541 proprio
530 483 607 540 quoe
619 470 686 522 tum
699 483 747 521 res
760 462 882 520 nomine
901 463 1023 539 egebat

152 559 297 637 quidquid
310 560 346 618 id
360 567 415 636 ert,
429 561 576 626 hobeont:
593 567 629 620 tu
640 567 737 619 cetero
747 561 865 639 percipe
878 559 973 620 dictu
999 560 1057 618 1³5

192 721 253 780 rue
266 723 353 782 mind
364 724 391 781 iu
404 723 449 782 tlte
461 724 564 800 ndiuq
573 733 652 800 port
688 723 855 783 Sometimes
867 721 893 782 ic
906 722 1018 798 mffm

231 819 324 891 aloru,
338 821 495 880 murem
506 822 574 880 ocul
585 821 649 881 σκιαί
660 821 735 898 body
747 820 838 896 suffer
849 819 925 879 wille
937 821 973 879 ic.

191 939 283 999 Nunc
296 941 430 1001 animum
443 947 534 1018 utque
546 941 676 1000 unimam
689 941 757 1000 dico
770 941 933 1000 coniuncto
946 942 1044 1002 teneri

153 1037 231 1096 inter
248 1059 280 1098 se
299 1047 390 1116 atque
405 1060 497 1099 unum
516 1047 656 1098 notui-om
672 1040 813 1099 conficere
831 1029 871 1099 eri
890 1060 932 1113 ue,

152 1135 204 1193 oed
223 1142 314 1213 ceput
332 1156 396 1195 esse
415 1137 501 1214 quasi
517 1144 550 1196 et
572 1137 720 1196 dominari
739 1138 914 1214 incorpore
933 1143 1003 1196 toto

153 1233 307 1299 consilium
326 1234 406 1310 quod
420 1253 476 1292 nos
493 1233 625 1293 animum
642 1238 831 1311 mentemque
850 1253 1003 1292 vooumun

151 1331 241 1409 idque
261 1332 352 1390 situm
371 1332 468 1393 medio
488 1333 608 1409 regione
624 1333 657 1390 in
674 1333 801 1409 pectoris
818 1332 931 1391 hoeret
994 1333 1049 1391 ’140

152 1430 200 1488 hio
213 1431 331 1488 exultat
346 1431 426 1488 enim
439 1450 532 1509 pavor
544 1451 579 1488 oc
592 1437 699 1501 metus,
714 1431 787 1490 hoec
804 1431 870 1488 loco
889 1431 1006 1488 circum

152 1526 285 1585 laetitiae
303 1526 457 1599 mulcent3
476 1526 525 1585 hic
544 1546 614 1603 ergo
632 1547 716 1585 mens
732 1528 950 1603 animusquest.

152 1630 250 1681 cetera
267 1643 336 1700 pers
352 1624 469 1682 animae
489 1645 543 1702 per
559 1631 657 1682 totum
673 1625 780 1683 dimite
796 1644 903 1701 corpus

152 1728 238 1799 paret
256 1728 288 1780 et
307 1722 346 1780 ad
360 1742 474 1780 numen
491 1723 601 1782 mentis
618 1744 795 1802 momenque
813 1728 963 1784 movetur.

152 1820 242 1896 idque
260 1819 319 1877 eibi
336 1821 432 1878 solum
449 1839 504 1897 por
518 1839 551 1878 so
570 1821 657 1899 sopit,
674 1821 791 1879 ‚idrribi
809 1819 931 1897 gaudet,
995 1820 1044 1878 145

153 1936 221 1974 cum
238 1936 334 1994 neque
354 1936 401 1975 roo
419 1917 548 1975 enimam
562 1937 658 1994 neque
671 1937 778 1994 corpus
791 1923 964 1977 commovet
984 1938 1043 1976 nno

153 2020 184 2072 et
200 2015 293 2090 quasi,
314 2029 382 2075 cum
404 2020 494 2090 caput
510 2020 564 2072 out
582 2015 686 2073 oculus
702 2020 871 2091 temptante
889 2015 994 2074 dolore

153 2113 284 2172 laeditur
303 2112 337 2170 in
356 2113 449 2186 nobis,
472 2133 533 2172 non
553 2114 634 2172 omni
655 2115 880 2173 concruciamur

153 2228 280 2286 corpore,
301 2209 344 2267 sio
363 2209 480 2268 unimus
499 2230 722 2288 nonnumquam
742 2211 875 2269 laeditur
893 2210 961 2288 ipoe

19 2275 121 2358 ,mici
153 2306 325 2382 laetitiaque
345 2306 434 2382 viget,
455 2326 523 2365 cum
544 2313 642 2366 cetera
662 2307 863 2394 porshonimui
995 2307 1045 2366 150

154 2423 207 2480 per
226 2402 357 2461 membru
376 2409 467 2480 atquo
486 2409 571 2462 ortus
590 2405 675 2462 nullo
694 2405 829 2463 novitate
850 2405 959 2466 cietur.

153 2519 257 2559 verum
277 2499 331 2558 ubi
349 2499 481 2558 vomenti
500 2500 594 2576 mugio
614 2506 660 2559 est
680 2505 828 2560 commoto
852 2507 940 2560 metu
960 2519 1045 2568 mem,

154 2597 320 2658 consentire
339 2597 469 2675 unimam
488 2603 583 2656 totum
603 2619 656 2676 per
676 2599 808 2656 membru
827 2598 970 2658 videmur

155 2697 332 2772 sudoresque
352 2694 396 2752 itu
415 2695 616 2772 palloremque
635 2695 763 2753 existere
783 2699 849 2752 toto

155 2813 275 2870 corpore
294 2798 327 2850 et
345 2791 470 2868 infringi
489 2791 621 2868 linguam
641 2810 801 2868 vocemque
820 2791 944 2868 oboriri,
997 2792 1048 2850 155

155 2889 281 2964 caligare
301 2888 408 2959 oculos,
431 2907 533 2946 sonere
553 2888 642 2960 cumo,
664 2888 813 2946 suecidere
832 2895 931 2962 ortuo,

156 2984 283 3060 denique
301 2983 453 3042 concidere
472 3003 511 3042 ex
532 2984 624 3042 animi
646 2989 760 3042 terrore
780 2983 921 3044 videmur

156 3097 242 3155 saepe
260 3077 411 3152 homines;
435 3079 520 3137 facile
538 3085 574 3138 ut
592 3079 690 3156 quivis
707 3079 777 3138 hino
792 3097 919 3139 noscere
937 3081 1029 3158 poerit

156 3194 219 3234 ome
234 3175 364 3233 animam
381 3193 449 3233 cum
470 3175 568 3233 animo
590 3176 788 3248 coniunctum,
809 3193 887 3253 quoe
906 3197 980 3239 oum
996 3177 1049 3238 oni

236 3289 279 3328 nn
296 3289 326 3327 ot
1089 3330 1091 3343 ,

156 3371 329 3446 percussost,
353 3363 433 3422 exim
453 3382 558 3442 corpus
582 3364 722 3443 propellit
738 3371 770 3424 et
785 3365 849 3427 icit.
1000 3366 1050 3429 160
