2198 3764
146 219 185 293 68
500 215 690 278 LUORETI

144 364 226 422 inter
245 363 390 422 curulium
409 362 515 421 viridis
534 361 656 421 miscere
676 361 855 438 zmaragdos.
883 383 885 390 ·
992 362 1048 422 805

146 458 298 536 caudaque
312 458 450 536 pavonis,
473 458 556 535 larga
578 478 645 516 cum
667 457 734 515 luco
754 457 871 535 roplcts
892 463 951 530 est,

146 554 293 615 consimili
312 559 412 613 mutat
430 554 547 614 rationo
565 555 689 613 obversa
709 554 820 612 colores
830 571 840 627 ;

146 651 358 731 quiquoniam
379 651 506 729 quodam
526 651 691 730 gignuntur
710 652 832 710 luminis
852 651 927 726 ictu,

146 751 222 809 sciro
242 749 322 820 licet,
343 748 408 808 sinc
429 767 464 807 co
484 749 550 806 fiori
570 768 631 807 non
652 769 737 826 posse
757 749 929 827 putandum
951 753 1005 810 ost.

147 855 179 907 ot
196 848 336 926 quoniam
353 847 458 925 plagae
476 847 623 925 quoddam
641 868 734 926 genus
752 841 865 926 excipit
883 848 920 906 in
938 868 971 908 so
992 848 1047 907 810

147 947 268 1026 pupula,
288 966 356 1005 oum
377 947 488 1005 sentiro
509 947 636 1005 colorem
657 947 769 1006 dicitur
787 947 900 1020 album,

148 1053 238 1125 atque
259 1046 341 1105 aliud
356 1065 457 1124 porro,
477 1045 598 1123 nigrum
619 1065 687 1104 oum
707 1050 740 1104 ot
758 1052 857 1105 cetero
876 1046 984 1119 sentit,

147 1165 202 1204 noo
222 1143 317 1202 refert
336 1163 372 1202 es
393 1161 469 1220 quos
488 1149 594 1219 tangas
615 1162 674 1220 quo
694 1143 773 1203 forto
794 1143 891 1202 coloro

148 1243 284 1321 praedito
304 1241 375 1313 sint,
396 1260 501 1300 vorum
523 1240 605 1319 quali
626 1242 720 1318 magis
740 1247 810 1319 apto
831 1242 940 1319 figura,

149 1341 223 1402 sciro
244 1341 316 1399 licet
334 1339 379 1399 nil
398 1339 553 1418 principiis
573 1358 647 1416 opus
668 1358 731 1397 esso
751 1339 871 1412 colores,
993 1337 1046 1399 815

149 1441 201 1499 sod
220 1438 312 1498 variis
332 1438 435 1496 formis
456 1437 607 1496 variantes
627 1436 714 1497 odero
734 1441 840 1496 tactus.

151 1611 195 1694 (v)
222 1612 308 1673 Since
329 1621 421 1670 atomo
444 1611 483 1688 of
494 1612 617 1672 carious
635 1611 806 1690 chaperon
817 1610 929 1688 found
945 1612 983 1672 in
1002 1632 1049 1672 ono

189 1708 295 1781 colom,
317 1708 386 1788 why
408 1707 445 1767 do
468 1729 509 1768 we
533 1718 584 1767 not
596 1708 669 1786 fmd
687 1708 814 1785 varying>
837 1708 956 1769 colom
979 1710 1048 1769 dno

190 1806 418 1886 species—blumio
435 1827 540 1878 swam,
554 1807 639 1868 white
658 1805 821 1885 crows-ch
832 1817 929 1868 atonis
942 1827 1049 1885 possess

188 1925 251 1982 aoy
264 1905 363 1964 codrus·
375 1903 412 1980 os
419 1905 494 1964 their
506 1906 592 1963 own?

190 2016 350 2078 Praeterea
371 2017 510 2095 quoniam
531 2035 592 2074 non
614 2017 702 2075 cortis
723 2020 804 2075 certo
825 2016 933 2093 figuris

151 2119 198 2174 ost
218 2121 329 2173 natura
348 2114 453 2173 coloris
475 2119 507 2172 et
527 2115 627 2172 omnia
646 2114 860 2192 principiorum

151 2210 349 2270 formamenta
368 2218 483 2289 queunt
503 2211 536 2269 in
557 2211 663 2289 quovis
683 2231 745 2270 osso
764 2210 871 2286 nitore,

153 2330 206 2369 cur
225 2329 261 2371 oa
282 2328 358 2387 quoe
379 2313 517 2368 constant
537 2329 576 2368 ox
597 2309 658 2368 illis
680 2328 741 2367 non
760 2309 874 2386 potitor
896 2317 975 2370 sunt
1000 2310 1052 2370 820

153 2427 240 2466 omno
260 2427 352 2484 genus
373 2407 493 2484 perfusa
513 2407 659 2465 coloribus
680 2407 714 2465 in
734 2426 841 2484 genero
861 2410 970 2470 omnit
1003 2456 1007 2465 .

154 2506 349 2566 conveniebat
370 2505 449 2563 onim
471 2524 575 2564 corvos
596 2524 712 2583 quoquo
733 2525 820 2583 saepo
839 2506 979 2568 voluntis

154 2625 192 2664 ox
212 2603 288 2662 olbis
308 2603 409 2661 slbum
429 2603 529 2681 pinnis
549 2603 660 2662 iactare
681 2602 816 2677 colorem,

155 2706 187 2760 et
205 2701 305 2777 nigros
324 2698 390 2759 fiori
409 2699 495 2776 nigro
514 2699 551 2759 do
572 2700 683 2759 semino
702 2719 808 2777 cycnos

154 2805 209 2859 aut
227 2800 287 2858 ulio
307 2798 413 2877 quovis
432 2818 493 2858 uno
512 2798 653 2876 varioque
672 2799 777 2859 colore.
1004 2804 1056 2863 825

157 2973 211 3055 (vi)
239 2972 350 3040 Golour
367 2994 462 3050 qrows
472 2973 594 3048 saintes
613 2995 647 3034 as
666 2994 726 3052 pou
744 2973 909 3038 subdivide.
957 2977 1059 3040 Itwt'll

355 3071 461 3131 canisio
475 3071 567 3147 before
579 3093 639 3148 you
651 3073 736 3132 roaolt
749 3082 851 3133 otorm.

197 3189 278 3260 Quin
298 3188 388 3248 otiam
409 3195 521 3265 quanto
538 3189 571 3247 in
590 3195 691 3267 portes
708 3210 755 3250 res
773 3211 912 3271 quaoquo
931 3195 1058 3255 minutos

157 3285 335 3344 distrahitur
353 3287 456 3360 magis,
477 3285 533 3343 hoo
554 3287 647 3363 magis
667 3293 767 3346 estut
788 3308 912 3350 cornero
935 3292 1031 3370 possis

157 3401 329 3441 evanescere
348 3381 492 3461 paulatim
513 3383 682 3462 stinguique
702 3384 827 3444 colorum
835 3404 847 3462 3
