2198 3764
47 231 50 238 ·
140 198 197 270 ‚112
476 196 684 265 [ZUORETI

137 349 170 403 et
190 344 217 402 si
237 343 297 403 iam
319 349 422 403 nostro
445 343 539 427 sentit
562 343 599 404 de
623 363 751 427 corpore,
765 349 968 428 postquam...

138 441 309 501 distractast
329 440 423 499 animi
445 446 554 499 natura
574 430 748 519 animaeque
771 447 916 521 potestas,

138 539 182 597 nil
204 544 307 597 tamen
328 545 375 598 est
398 539 437 598 ad
458 557 513 597 nos
535 539 588 617 qui
611 545 731 616 comptu
755 540 960 617 coniugioque
988 541 1043 600 845

138 636 269 714 corporis
291 642 382 713 atquo
404 636 520 695 animae
542 637 730 695 consistimus
753 637 857 699 uniter
878 639 956 717 apti.

139 752 202 806 nec,
225 732 251 791 si
275 731 429 791 materiem
448 739 582 790 nostram
602 733 755 810 collegerit
775 739 860 794 aetas

139 837 207 909 post
227 829 342 888 obitum
365 849 543 907 rursumque
563 829 711 907 redegerit
732 836 768 890 ut
789 831 851 892 sita
872 853 960 895 nunc
983 841 1028 895 est

140 922 230 1003 atque
250 926 359 986 iterum
383 925 469 984 nobis
492 925 606 984 fuerint
625 927 697 985 data
718 926 834 987 lumina
856 929 953 1002 vitae,

140 1023 289 1100 pertineat
296 1021 454 1100 quicquam
462 1022 674 1092 tamenadnos
681 1023 713 1081 id
721 1043 839 1101 quoquo
848 1024 979 1101 iactum,
989 1027 1044 1092 850

140 1121 311 1200 interrupte
334 1121 424 1186 semel
445 1141 513 1184 cum
537 1120 579 1180 sit
598 1124 765 1198 repetentia
787 1126 893 1190 nostri.
955 1156 958 1160 ·

141 1226 174 1279 et
193 1240 274 1280 nunc
294 1219 340 1281 nil
362 1220 401 1278 ad
421 1239 476 1278 nos
496 1219 534 1283 de
556 1220 643 1280 nobis
663 1220 781 1295 attinet,
806 1229 880 1283 ante

140 1318 195 1396 qui
215 1319 337 1390 fuimus,
358 1337 449 1393 nequa
468 1316 530 1380 iam
551 1318 588 1376 de
610 1318 672 1377 illis
692 1337 747 1381 nos
767 1319 872 1381 adficit
891 1341 997 1401 angor.

141 1435 213 1474 nam
233 1434 301 1473 cum
322 1415 461 1492 respicias
482 1414 610 1473 inmensi
628 1415 771 1493 temporis
792 1436 881 1478 omne

141 1513 337 1592 praeteritum
360 1512 499 1590 spatium,
523 1517 590 1572 tum
611 1517 711 1572 motus
732 1514 871 1573 materiai
988 1518 1044 1577 855

143 1610 328 1670 multimodis
348 1629 437 1687 quam
458 1610 529 1682 sint,
553 1609 639 1668 facile
659 1609 715 1671 hoc
737 1609 898 1670 adcredere
920 1615 1026 1690 possis,

144 1709 257 1768 semina
276 1726 363 1784 saepe
381 1708 415 1768 in
438 1708 549 1779 eodem,
570 1712 606 1769 ut
627 1727 708 1770 nunc
729 1715 810 1781 sunt,
829 1710 940 1770 ordine
962 1719 1046 1789 posta

95 1805 217 1865 achaeo
236 1803 347 1875 eadem,
366 1803 474 1887 quitus
497 1823 514 1861 e
535 1823 618 1885 nunc
639 1823 695 1887 nos
717 1823 828 1878 sumus,
849 1812 923 1866 ante
945 1806 1044 1868 fuisse.

94 1892 132 1964 asa
143 1921 197 1959 neo
218 1901 342 1965 memori
365 1900 466 1959 tamen
488 1901 521 1959 id
544 1902 663 1978 quimus
680 1902 916 1978 repraehendere
932 1912 1046 1977 mente;

143 1999 223 2057 inter
246 1999 326 2056 enim
349 1998 456 2058 iectast
476 1999 552 2057 vitai
574 2019 667 2076 pausa
689 2019 823 2078 vageque
955 2066 957 2070 ³
990 2005 1046 2063 860

143 2094 319 2152 deerrarunt
340 2094 449 2172 passim
472 2100 572 2153 motus
595 2096 633 2153 ab
656 2097 791 2154 censibus
812 2116 924 2160 omnes.

142 2192 233 2251 debet
255 2191 344 2265 enim,
368 2192 475 2254 misere
496 2193 523 2251 si
543 2194 622 2253 forte
645 2214 790 2272 aegroque
812 2196 993 2272 futurumst,

144 2290 207 2366 ipse
224 2308 341 2366 quoque
358 2308 421 2347 esse
438 2289 471 2347 iu
488 2308 523 2348 eo
540 2294 607 2348 tum
626 2295 767 2367 tempora,
787 2291 835 2349 cui
852 2293 933 2351 male
954 2295 1047 2371 possit

144 2385 285 2445 accidere.
327 2385 359 2443 id
379 2385 520 2463 quoniam
539 2405 620 2445 mors
641 2386 754 2459 eximit,
777 2405 901 2464 esseque
923 2391 1031 2468 probet

97 2498 135 2550 ⁸⁶⁴
145 2483 231 2541 illum
252 2480 301 2540 cui
321 2483 437 2559 possint
457 2481 642 2542 incommoda
664 2483 826 2557 conciliari,
992 2487 1046 2546 865

145 2581 219 2640 scire
240 2581 311 2640 licet
330 2582 415 2640 nobis
436 2582 481 2640 nil
502 2601 565 2640 esse
586 2582 619 2640 in
640 2589 736 2642 morte
759 2583 930 2643 timendum

143 2697 199 2736 nec
222 2677 363 2736 miserum
385 2678 451 2736 fieri
471 2679 524 2755 qui
547 2698 608 2736 non
630 2685 676 2737 ost
696 2698 782 2756 posse
802 2698 902 2756 neque
924 2681 1024 2741 hilum

146 2773 265 2831 differre
285 2792 364 2832 anne
387 2774 449 2833 ullo
470 2775 562 2833 fuerit
585 2775 646 2832 iam
669 2780 803 2852 tempore
826 2780 930 2850 natus,

146 2872 302 2930 mortalem
322 2874 418 2931 vitam
439 2892 608 2932 morsuum
630 2872 798 2931 inmortalis
820 2872 948 2936 ademit.

148 3042 210 3102 we
227 3063 298 3102 omn
314 3043 376 3104 wlco
394 3044 509 3104 bewails
527 3046 603 3105 witot
619 3047 684 3106 will
702 3047 819 3124 tappet
836 3056 865 3108 to
886 3049 923 3110 aa
978 3052 1049 3130 aflet

444 3143 531 3200 death
543 3143 571 3202 is
583 3152 635 3202 cot
647 3143 750 3205 round
875 3070 994 3451 ᾦ

187 3243 317 3303 Proinde
325 3244 517 3306 ubisevideas
525 3247 674 3308 hominem
682 3248 888 3326 indignarier-i
999 3254 1049 3316 870

147 3347 216 3423 post
238 3352 364 3411 mortem
387 3341 449 3400 fore
471 3349 506 3414 ut
529 3352 583 3415 aut
603 3349 740 3422 putescat
761 3365 886 3429 corpore

928 3360 1005 3439 Μ
