2198 3764
142 210 179 271 16
337 198 338 203 ¹
496 208 691 271 wem!

139 362 207 416 tum
227 375 315 433 porro
336 357 418 414 locus
439 375 473 413 ac
493 355 635 434 spatium,
655 354 735 433 quod
754 353 845 413 inane
865 372 1023 425 vocamus,

46 491 49 499 ι
140 454 167 514 si
187 455 304 512 nullum
325 454 413 527 foret,
434 454 510 512 haut
529 473 655 532 usquam
676 453 735 511 sita
755 471 880 528 corpora
899 441 1030 530 pessent

141 570 206 610 esse
224 570 321 629 neque
341 551 463 609 omnino
483 570 631 629 quoquam
652 551 770 609 diversa
789 569 890 608 meare
900 569 911 625 3

142 648 174 707 id
195 649 274 726 quod
294 649 355 707 iam
375 668 483 725 supera
502 649 559 707 tibi
579 650 669 727 paulo
689 648 875 707 ostendimus
895 652 978 706 ante.

85 817 87 821 Α
141 742 296 824 praeterea
314 746 360 804 nil
380 746 525 824 estquod
545 746 640 824 possis
660 745 758 804 dicere
778 744 816 802 ab
836 744 922 802 omni
991 741 1052 801 430

143 862 264 920 corpore
284 843 450 901 seiunctum
472 848 677 920 semetumque
697 860 761 899 esse
780 840 819 899 ab
839 840 937 914 inani,

143 941 223 1018 quod
243 941 328 1017 quasi
347 938 441 998 tertia
460 940 501 997 sit
519 957 645 996 numero
664 945 774 995 natura
793 943 922 1013 reperta.

143 1057 214 1096 nam
234 1036 440 1114 quodcumque
460 1036 527 1107 erit,
549 1055 612 1094 esse
625 1035 739 1112 aliquid
753 1034 874 1093 debebit
887 1035 921 1093 id
935 1034 1053 1112 ipsum3

94 1148 133 1189 sss
145 1133 194 1191 cui
213 1134 239 1190 si
259 1139 358 1191 tactus
378 1131 437 1190 erit
457 1131 593 1209 quamvis
612 1131 688 1190 levis
708 1130 905 1208 exiguusque,
936 1175 962 1202 .-

94 1251 133 1289 43⁴
145 1230 283 1308 augmine
303 1230 352 1288 vel
371 1228 478 1306 grandi
495 1230 543 1287 vel
563 1247 657 1307 parvo
677 1227 814 1305 denique,
829 1226 905 1285 dum
919 1226 972 1299 sit,
995 1225 1053 1284 435

144 1327 275 1404 corperis
295 1326 417 1402 augebit
435 1344 593 1382 numerum
613 1343 818 1402 summamque
839 1328 999 1400 sequetur.

144 1426 192 1484 sin
211 1425 346 1483 intactile
366 1424 432 1495 erit,
454 1424 539 1480 nulla
558 1423 595 1481 dc
614 1428 701 1499 parte
721 1421 801 1499 quod
822 1421 921 1479 ullam

143 1542 208 1582 rem
228 1521 384 1599 prohibere
405 1526 497 1597 queat
514 1540 568 1597 per
588 1540 619 1578 se
639 1521 767 1578 transire
786 1524 951 1592 meantem,

145 1621 260 1678 scilicet
278 1619 333 1677 hcc
353 1618 384 1676 id
406 1619 473 1692 erit,
494 1638 623 1676 vacuum
642 1618 722 1695 quod
743 1619 833 1676 inane
854 1636 1014 1676 vocamus.

145 1722 299 1793 praeterea
311 1734 365 1791 per
378 1733 409 1771 se
423 1713 628 1790 quodcumque
641 1714 707 1786 erit,
723 1719 779 1771 aut
790 1713 884 1770 faciet
898 1713 979 1790 quid
998 1712 1055 1772 440

146 1818 201 1871 aut
221 1813 288 1870 eliis
308 1812 394 1887 iungi
416 1811 536 1868 debebit
556 1811 713 1886 agentibus
733 1811 833 1888 ipsum

147 1915 202 1969 aut
222 1910 280 1967 erit
299 1915 334 1967 nt
354 1909 470 1985 possint
490 1910 523 1966 in
543 1928 578 1966 ec
598 1928 645 1966 res
666 1929 729 1967 esse
750 1909 880 1986 gerique.

147 2014 181 2066 at
201 2006 297 2064 iacere
317 2012 348 2064 et
367 2006 454 2082 iungi
473 2005 538 2064 sine
557 2024 678 2081 corpore
698 2006 783 2063 nulla
803 2011 907 2083 petest
927 2026 981 2066 res

147 2122 203 2160 nec
221 2103 361 2180 praebere
380 2102 478 2159 locum
497 2119 586 2178 porro
606 2101 666 2158 nisi
685 2101 776 2160 inane
795 2120 982 2179 vacansque.

148 2217 218 2274 ergo
237 2203 356 2275 praeter
374 2197 464 2255 inane
484 2203 516 2255 et
536 2216 658 2274 corpora
677 2199 771 2256 tertia
790 2218 845 2276 per
864 2217 899 2257 se
998 2198 1059 2257 445

148 2293 232 2351 nulla
251 2299 350 2370 potest
368 2312 467 2351 rerum
486 2293 520 2350 in
540 2310 665 2350 numero
684 2298 795 2351 natura
814 2294 961 2370 relinqui,

148 2409 203 2447 nee
223 2408 298 2465 quae
317 2389 373 2447 sub
393 2408 498 2447 sensus
518 2388 606 2447 cadat
625 2388 688 2446 ullo
708 2394 843 2466 tempore
863 2395 993 2449 nostros

148 2506 204 2545 nec
223 2486 338 2544 ratione
358 2486 450 2544 animi
470 2505 558 2563 quam
579 2485 736 2563 quisquam
757 2489 853 2564 possit
873 2486 983 2563 apisci.

176 2651 226 2711 All
244 2652 324 2712 ethes
349 2653 445 2729 ttinqs
471 2673 523 2712 cre
549 2652 715 2728 Properties
743 2674 778 2714 cr
804 2654 969 2717 Accidents
996 2656 1036 2735 os

337 2749 410 2808 tlwee
431 2759 493 2811 two.
535 2749 595 2806 For
614 2748 746 2807 instance
768 2750 859 2809 Tim.

189 2858 270 2916 Nam
289 2878 490 2939 quaecumque
506 2862 615 2932 cluent,
630 2866 685 2920 aut
697 2861 746 2921 his
760 2865 926 2924 coniuncta
940 2866 1061 2925 duabus

150 2954 239 3012 rebus
258 2973 293 3012 ea
312 2957 445 3016 invenies
464 2964 518 3016 aut
537 2957 643 3016 horum
664 2966 774 3017 eventa
795 2961 924 3025 videbis.
1000 2965 1059 3023 450

151 3051 342 3109 coniunctum
361 3055 458 3114 estid
478 3055 557 3132 quod
578 3075 726 3133 nusquam
747 3057 813 3116 sinc
834 3061 1008 3136 permitiali

150 3145 274 3204 discidio
293 3149 371 3222 petis
391 3156 437 3209 est
456 3152 572 3228 seiungi
592 3171 681 3228 seque
701 3155 828 3230 gregati,

150 3236 266 3316 pondus
286 3240 333 3298 uti
352 3245 455 3319 saxist,
478 3247 558 3304 calor
576 3247 664 3322 ignis,
685 3247 785 3324 liquor
805 3252 906 3327 aquai.

291 3333 308 3368 s
388 3339 408 3377 s
489 3341 508 3378 s
588 3342 607 3379 a
686 3342 708 3382 e
789 3344 809 3384 s
895 3347 916 3384 a
