2198 3764
86 220 125 282 08
439 217 628 288 LUORM'I

67 372 68 377 ’
128 367 208 438 Quin
230 366 320 427 etiam
341 373 481 445 repetunt
502 387 520 427 a
540 368 621 426 caelo
641 371 732 444 etque
755 364 875 443 ignibus
898 364 968 425 eius

86 471 118 524 et
139 465 267 543 primum
288 465 404 524 iaciunt
424 466 523 542 ignem
544 485 575 525 se
596 471 712 524 vertere
733 464 767 523 in
787 483 877 524 auras

86 564 171 636 aeris,
193 563 262 622 hinc
283 563 406 623 imbrem
430 564 513 640 gigni
535 569 703 640 terramque
724 561 817 620 creari

86 677 125 718 ex
146 659 236 719 imbri
255 667 392 738 retroque
417 679 435 719 a
457 666 539 719 terra
561 665 670 719 cuneta
691 659 811 730 reverti,
925 656 986 717 785

86 775 222 815 umorem
239 756 377 833 primum,
402 763 470 834 post
492 776 570 828 aera,
595 754 702 814 deinde
723 754 859 825 calorem,

86 874 140 913 nec
162 874 275 914 cessare
296 854 368 914 haec
388 853 469 914 inter
489 874 521 913 se
544 861 668 925 mutare,
692 871 789 911 meare

86 971 105 1010 a
124 953 204 1011 eaelo
223 952 262 1012 ad
281 956 402 1024 terram,
421 951 460 1010 de
479 957 561 1011 terra
579 950 618 1009 ed
638 950 735 1009 sidera
754 947 867 1008 mundi.

85 1049 164 1126 quod
183 1048 280 1108 iacere
299 1049 380 1107 haud
400 1048 462 1107 ullo
481 1047 591 1106 debent
609 1046 771 1124 primordia
790 1050 888 1122 pacto,

85 1144 269 1203 immutabile
289 1145 367 1203 enim
388 1143 528 1221 quiddam
548 1162 687 1220 superare
706 1148 863 1216 necessest,
924 1141 986 1204 790

84 1260 124 1299 ne
142 1260 190 1300 rer
209 1242 248 1299 ad
267 1241 362 1299 nilum
383 1240 557 1318 redigantur
576 1239 713 1298 funditus
732 1257 843 1297 omnes.

84 1356 154 1396 nam
174 1337 378 1415 quodcumque
398 1337 460 1395 suis
478 1341 628 1395 mutatum
647 1336 756 1395 finibus
775 1334 850 1407 exit,

85 1433 226 1493 continuo
245 1433 301 1493 hoc
319 1452 399 1492 mors
419 1439 465 1491 est
483 1432 565 1492 illius
584 1433 662 1510 quod
682 1431 743 1490 fuit
762 1436 855 1491 ante·

84 1535 264 1608 quapropter
283 1528 421 1607 quoniam
441 1548 516 1606 quae
535 1529 623 1606 paulo
642 1528 773 1587 diximus
794 1532 867 1584 ante

84 1628 118 1687 in
136 1632 350 1687 commutatum
368 1625 504 1699 veniunt,
525 1632 659 1684 constare
681 1630 827 1682 necessest
926 1621 987 1684 795

84 1744 123 1784 ex
141 1725 209 1784 aliis
228 1744 272 1797 ea,
291 1743 368 1801 quae
387 1730 537 1800 nequeant
556 1723 721 1782 convertier
741 1740 876 1797 usquam,

84 1839 122 1878 ne
141 1820 199 1879 tibi
217 1838 265 1877 res
283 1818 407 1878 redeant
426 1819 464 1878 ad
484 1820 579 1878 nilum
598 1819 736 1878 funditus
756 1837 867 1880 omnes.

84 1917 158 1994 quin
176 1917 276 1994 potius
296 1917 351 1974 tali
370 1921 479 1975 natura
497 1916 634 1993 praedita
653 1916 796 1993 quaedam

84 2031 206 2089 corpora
225 2012 398 2084 constituas,
419 2012 516 2090 ignem
536 2013 563 2070 si
582 2012 659 2070 forte
679 2010 818 2082 emerint,

84 2126 168 2185 posse
188 2107 289 2166 eedem
309 2108 437 2185 demptis
456 2108 558 2186 paucis
577 2108 738 2185 paucisque
757 2106 894 2179 tributis,
927 2108 988 2166 800

84 2206 187 2264 ordine
206 2210 323 2265 mutato
342 2212 375 2264 et
394 2212 485 2279 motu,
506 2206 603 2265 iacere
623 2206 700 2264 aeris
719 2225 816 2279 auras,

83 2303 126 2362 sio
146 2303 219 2361 alias
239 2302 305 2361 aliis
325 2304 413 2361 rebus
433 2303 576 2362 mutarier
595 2304 710 2362 omnis?

125 2402 188 2461 ‘At
206 2401 365 2459 manifesta
382 2401 480 2477 palam
497 2421 545 2460 res
562 2400 691 2460 indicat’
708 2400 808 2478 inquis
828 2400 881 2460 ‘in
895 2421 989 2462 auras

83 2498 161 2557 aeris
180 2518 197 2557 e
216 2504 296 2557 terre
315 2517 363 2556 res
381 2498 477 2556 omnis
497 2517 625 2556 erescere
643 2497 743 2574 alique
752 2517 762 2570 3

83 2599 115 2651 et
134 2593 193 2652 nisi
211 2598 371 2670 tempestas
390 2592 527 2668 indulget
545 2597 676 2668 tempore
696 2593 796 2650 fausto
925 2594 988 2654 805

83 2690 234 2764 imbribus,
255 2696 292 2749 ut
310 2691 380 2749 tabe
399 2691 567 2749 nimborum
585 2691 707 2748 arbusta
726 2689 880 2762 vacillent,

83 2788 183 2865 solque
202 2808 257 2847 sua
275 2808 330 2866 pro
349 2796 435 2865 parte
454 2787 538 2845 fovet
555 2785 720 2863 tribuitque
739 2786 881 2860 calorem,

83 2902 211 2942 crescere
229 2904 290 2943 non
309 2884 424 2962 possint
443 2883 541 2959 fruges
559 2883 680 2940 arbusta
699 2881 884 2943 animantia’

82 2981 197 3040 seilicet
215 2989 247 3039 et
264 2981 323 3038 nisi
342 2997 397 3037 nos
417 2979 500 3036 cibus
519 2977 619 3036 aridus
639 2983 670 3035 et
688 2983 774 3034 tener
793 2996 886 3036 umor

83 3078 213 3150 adiuvet,
233 3076 341 3135 amisso
359 3074 421 3132 iam
440 3091 559 3149 corpore
578 3073 643 3131 vita
661 3091 778 3149 quoque
798 3076 902 3133 omnis
926 3077 986 3136 810

83 3174 220 3234 omnibus
239 3171 376 3231 enervis
395 3175 484 3246 atque
504 3169 618 3227 ossibus
637 3169 819 3229 exsoluatur.

83 3271 253 3331 adiutamur
272 3269 351 3327 enim
371 3265 463 3323 dubio
482 3265 584 3342 procul
603 3272 692 3342 atque
713 3265 824 3324 alimur
844 3287 904 3328 nos

83 3366 172 3428 cortis
191 3366 229 3424 ab
248 3364 344 3434 rebus,
365 3361 453 3421 certis
473 3360 548 3439 aliae
567 3366 657 3436 atque
676 3359 752 3441 aiiae
772 3378 831 3423 res.
