2198 3764
151 207 190 268 20
501 205 688 268 suornm

148 354 186 413 de
207 354 327 430 niloque
347 317 573 414 renataferent
591 374 793 433 quaecumque
814 353 960 414 ridemus.

148 457 182 510 at
205 451 343 528 queniam
364 470 455 528 supra
475 451 562 510 docui
583 452 628 510 nil
649 471 733 529 posse
754 451 848 509 creari

148 546 186 605 de
205 547 268 605 nilo
288 566 385 624 neque
405 547 484 624 quud
504 548 638 624 genitum
659 546 763 606 estad
786 547 831 604 nil
851 545 997 614 revocari,

149 663 212 702 esse
232 644 384 703 inmortali
403 644 565 722 primordia
585 665 707 722 corpore
730 645 848 718 debent,
986 643 1049 702 545

149 743 272 802 dissolui
294 764 353 822 quo
376 763 508 821 quaeque
529 764 666 822 supremo
689 750 822 822 tempore
845 742 974 821 possint,

148 840 287 900 materies
309 846 345 900 ut
366 841 537 919 subpeditet
555 843 643 901 rebus
662 842 840 920 reparandis

149 941 223 995 sunt
241 936 334 1014 igitur
354 937 447 996 solida
470 937 631 1014 primordia
651 937 842 1017 simplicitate

148 1053 203 1092 nee
225 1034 341 1093 ratione
363 1040 478 1110 queunt
500 1034 561 1092 alia
581 1039 700 1092 servata
722 1053 776 1111 per
798 1051 902 1091 aevom

149 1147 188 1188 ex
210 1127 329 1186 infinito
349 1127 410 1186 iam
432 1132 566 1205 tempore
587 1146 635 1187 res
658 1147 805 1206 reparare.
989 1129 1051 1188 550

189 1224 326 1302 Denique
345 1222 372 1283 si
391 1224 504 1282 nullam
524 1225 613 1282 finem
632 1230 741 1283 natura
760 1229 895 1302 parasset

148 1321 320 1400 frangendis
339 1322 435 1390 rebus.
456 1321 516 1380 iarn
536 1341 657 1400 eor-pora
676 1323 812 1380 materiai

149 1438 243 1497 usque
261 1418 383 1477 redacta
402 1418 502 1476 forant
522 1437 596 1477 aevo
619 1419 774 1497 frangente
795 1417 903 1496 priore,

149 1522 187 1576 ut
205 1518 250 1576 nil
270 1536 309 1576 ex
328 1517 390 1576 illis
409 1536 429 1574 a
451 1521 533 1577 certo
554 1521 685 1593 tempure
706 1527 805 1592 posset

150 1618 325 1691 eoneeptum
338 1632 486 1671 summum
499 1612 607 1670 aetatis
616 1612 776 1690 pervadere
786 1611 829 1670 ad
834 1619 966 1670 aucam.
992 1610 1050 1671 555

149 1730 220 1770 nam
240 1709 359 1788 quidvis
378 1711 466 1769 citius
485 1710 607 1769 dissolvi
626 1729 711 1787 pesse
730 1710 865 1768 videmus

150 1827 239 1884 quam
259 1825 361 1865 rursus
380 1805 479 1881 refiei;
499 1812 679 1884 quapropter
698 1807 786 1882 longa
805 1804 867 1864 diei

149 1905 269 1964 infinita
287 1910 369 1964 aetas
389 1905 519 1963 anteacti
537 1905 680 1982 temporis
700 1905 796 1962 omnis
840 1936 843 1942 ·
876 1935 888 1947 =·

149 2007 229 2085 quod
248 2005 384 2082 fregisset
404 2003 500 2062 adhue
520 2003 690 2062 disturbans
713 2003 949 2081 dissoluensque,

149 2123 312 2180 numquam
332 2102 443 2160 relicuo
466 2100 597 2177 reparari
618 2105 751 2177 tempore
771 2107 879 2178 posset
993 2101 1053 2161 560

150 2205 185 2260 at
205 2220 285 2259 nune
305 2199 448 2258 nimirum
470 2197 628 2274 frangendi
650 2199 767 2257 reddita
788 2199 858 2256 finis

149 2305 230 2357 uerte
250 2305 360 2370 manet,
384 2297 522 2375 quoniam
543 2297 625 2355 reflui
641 2317 705 2356 rem
726 2315 873 2374 quamque
894 2297 1038 2357 videmus

63 2441 66 2447 ,
149 2405 182 2456 et
200 2396 287 2456 finita
309 2396 397 2454 simul
417 2393 580 2472 generatim
600 2401 734 2471 tempora
756 2394 845 2453 rebus

150 2499 238 2568 stare,
262 2491 369 2570 quibus
392 2490 508 2569 possint
526 2489 594 2548 aevi
615 2491 784 2567 contingere
807 2489 923 2555 flerem.

149 2590 209 2649 hue
231 2588 345 2648 mandit
365 2588 420 2662 uti,
445 2586 620 2645 solidissima
641 2587 777 2646 materiai
995 2589 1055 2648 565

150 2705 271 2762 eorpura
291 2705 358 2744 cum
379 2688 525 2755 constant,
549 2682 644 2760 pessit
662 2687 774 2758 tamen,
798 2684 910 2758 omnia,
936 2688 1036 2762 reddi,

150 2783 253 2841 mollia
272 2801 347 2859 quae
370 2782 457 2852 flunt,
480 2800 533 2838 aar
554 2784 632 2856 'aqua
653 2784 735 2839 terra
755 2801 889 2858 vapores,

150 2897 210 2956 quo
230 2885 317 2955 paeto
339 2879 413 2936 fiant
435 2881 468 2936 et
488 2897 548 2954 qua
568 2876 601 2934 vi
621 2896 753 2955 quaeque
774 2886 931 2955 gerantur,

151 2974 318 3033 admixtum
341 2973 480 3052 quoniam
501 2973 591 3031 semel
612 2981 658 3032 est
680 2975 714 3032 in
734 2974 824 3033 rebus
845 2975 949 3040 inane.

151 3074 185 3129 at
206 3076 309 3129 centra
328 3072 356 3130 si
378 3070 480 3128 mollia
500 3068 563 3128 sint
584 3070 746 3147 primordia
768 3090 881 3146 rerum,
997 3074 1054 3135 570

151 3165 231 3224 unde
251 3170 363 3242 queant
384 3164 478 3222 validi
498 3163 594 3222 silices
613 3165 783 3242 ferrumque
805 3167 904 3226 creari

150 3279 212 3318 non
235 3261 345 3337 poterit
365 3259 443 3318 ratio
464 3259 565 3332 reddi;
586 3278 657 3318 nam
679 3260 819 3321 funditus
841 3264 945 3326 omnis

149 3358 295 3437 principio
314 3357 502 3418 fundamenti
521 3364 629 3417 natura
652 3358 772 3420 carebit.
