2198 3764
402 212 533 273 LIBER
559 213 607 274 II.
921 217 959 280 69

58 365 96 418 ut
114 359 152 418 fit
169 358 224 418 ubi
242 358 276 418 in
295 379 401 437 parvus
420 360 516 438 partis
535 359 713 437 discerpitur
732 365 885 420 austrum:

59 476 192 534 purpura
210 456 424 535 poeniceusque
444 458 524 516 color
543 457 716 517 clarissimu'
736 460 842 531 multo,
899 459 958 518 830

59 555 167 614 filatim
187 574 255 613 cum
275 555 451 615 distractum
471 563 525 629 est,
546 556 728 634 dispergitur
748 555 862 630 omnis3

59 671 179 710 noscere
199 657 234 710 ut
253 651 323 710 hinc
341 652 436 730 possis
455 653 539 730 prins
557 672 674 711 ornnem
693 652 792 711 efflare
811 654 938 711 colorem

59 750 222 829 particulae
241 768 331 827 quarn
350 749 504 808 discedant
522 750 561 808 ad
581 751 695 810 semina
714 769 821 810 rerum.

60 919 129 1000 (vii)
158 919 249 979 Thero
270 940 321 978 are
341 919 439 995 thimo
460 928 489 979 to
510 919 607 979 which
628 939 669 978 wc
690 919 728 979 do
748 929 800 980 not
820 921 960 1010 attribute

98 1018 197 1076 round
216 1037 251 1076 or
271 1016 359 1089 cowll,
384 1015 478 1075 which
498 1015 543 1075 tlte
562 1017 648 1075 mind
666 1036 723 1075 cco
737 1017 875 1096 parociae.
917 1018 958 1078 So

99 1115 170 1174 scith
185 1115 230 1175 tho
242 1115 394 1175 colourleec
406 1123 507 1174 canu.

99 1229 254 1290 Postremo
273 1230 413 1308 quoniam
432 1249 495 1288 non
514 1229 614 1289 omnia
633 1249 757 1308 corpora
775 1251 878 1292 vocem

59 1324 181 1384 mittere
200 1324 335 1382 concedis
353 1343 450 1401 neque
470 1324 597 1396 odorem,
619 1329 776 1402 propterea
794 1325 831 1385 fit
898 1325 957 1384 835

59 1427 176 1479 utnon
195 1420 333 1480 omnibus
352 1421 505 1480 adtribuas
525 1420 640 1480 sonitus
659 1427 692 1479 et
711 1421 821 1481 odores

59 1518 103 1576 sic
122 1518 216 1577 oculis
234 1519 374 1596 quoniam
396 1537 457 1576 non
476 1517 577 1576 omnia
596 1537 716 1577 cernere
734 1518 862 1596 quimus,

59 1614 135 1673 scire
154 1615 226 1674 licet
244 1615 387 1692 quaedam
408 1620 470 1672 tam
490 1621 626 1674 constare
647 1616 718 1673 orba
737 1614 833 1674 colore

59 1731 149 1788 quarn
169 1712 233 1770 sine
253 1711 342 1771 odore
360 1711 423 1770 ullo
443 1711 586 1789 quaedam
607 1711 765 1789 sonituque
785 1718 907 1784 remota,

58 1827 115 1866 nec
126 1807 225 1867 minus
237 1807 310 1866 hacc
322 1807 455 1866 animum
468 1791 641 1884 cognoscere
654 1825 738 1884 posse
749 1825 882 1885 sagacem
897 1807 956 1866 840

59 1926 149 1985 quam
167 1925 244 1984 quae
263 1911 335 1964 sunt
353 1904 421 1963 aliis
440 1905 529 1963 rebus
543 1896 667 1983 ‘privata
685 1910 797 1965 notare.

58 2079 159 2137 Aroma
171 2097 222 2137 uro
234 2077 295 2136 also
308 2077 413 2136 deuoid
424 2076 461 2153 os
468 2075 550 2136 other
564 2077 708 2152 qualitica
750 2075 790 2136 So
808 2096 849 2136 wc
866 2096 918 2136 uec
935 2097 956 2136 u

87 2173 267 2253 flavourlece
279 2173 321 2232 oit
333 2182 361 2232 to
373 2193 496 2249 prepare
509 2193 530 2232 u
539 2172 681 2249 perfuma
723 2172 825 2232 Atoma
834 2182 912 2232 must
925 2173 956 2232 bc

97 2271 217 2332 mccl
242 2279 272 2330 to
298 2270 329 2331 bc
355 2269 512 2342 immortul,
537 2269 614 2330 eim
640 2269 715 2329 there
741 2270 879 2346 qualitas
905 2289 956 2328 arc

97 2365 215 2427 monol.

98 2478 157 2537 Sed
178 2498 217 2537 ne
236 2477 316 2538 forte
337 2483 425 2555 putes
446 2476 509 2536 solo
528 2477 656 2554 spoliata
675 2476 771 2536 colore

58 2593 183 2652 corpora
198 2575 295 2653 prima
315 2594 442 2647 manere,
463 2573 553 2633 etiarn
575 2580 688 2633 secreta
707 2573 820 2651 teporis

57 2681 131 2732 sunt
151 2692 186 2731 ac
206 2672 326 2750 frigoris
346 2673 467 2731 omnino
488 2670 633 2749 calidique
655 2672 783 2748 vaporis,

57 2776 91 2830 et
109 2770 210 2829 sonitu
230 2769 333 2829 sterila
353 2775 385 2828 et
403 2789 474 2829 suco
495 2769 595 2828 ieiuna
614 2769 761 2841 feruntur,
896 2767 955 2827 845

56 2887 114 2927 nec
134 2868 248 2927 iaciunt
268 2868 363 2927 ullum
383 2866 535 2944 proprium
557 2866 594 2925 de
615 2885 736 2944 corpore
756 2865 883 2926 odorenu

57 2967 136 3025 sicut
156 2966 317 3025 amaracini
335 2965 478 3024 blandum
498 2971 669 3042 stactaeque
688 2963 833 3042 liquorem

56 3071 90 3124 et
108 3064 196 3122 nardi
215 3065 324 3139 florem,
346 3070 451 3122 nectar
469 3063 522 3141 qui
540 3064 663 3122 naribrn
682 3062 775 3135 halat,

57 3180 126 3220 cum
145 3161 241 3219 facere
260 3161 410 3230 instituas,
431 3159 623 3237 cumprimis
642 3178 783 3237 quaerere
802 3178 857 3237 par
877 3164 931 3230 est,
950 3172 954 3179 ·

57 3257 155 3336 quoad
174 3258 246 3316 licet
264 3277 299 3316 ac
318 3257 412 3334 possis
430 3256 566 3334 reperire,
587 3255 729 3315 inolentis
748 3255 821 3314 olivi
897 3255 956 3314 850

57 3361 204 3429 naturam,
224 3355 338 3414 nullam
359 3373 434 3434 quae
454 3355 557 3431 mittat
576 3355 698 3414 naribus
717 3363 829 3427 auram,
