2198 3764
403 185 534 247 LIBER
556 185 624 252 III.
918 189 957 250 97

59 356 150 415 quam
170 337 305 396 cohibere
325 337 431 415 nequit
450 344 679 415 conquassatum
698 357 737 397 ex
756 337 856 417 eliqua
875 357 908 397 re

59 453 95 493 oo
114 433 295 499 rarefactum
315 433 448 499 detrecto
467 435 611 512 sanguine
630 434 724 507 venis,

59 549 128 590 aere
148 530 201 608 qui
219 531 322 590 credas
341 550 425 609 posse
445 531 522 591 hano
542 521 705 591 cohiberier
723 531 805 592 ullo?

60 645 181 707 corpore
201 626 254 704 qui
273 632 375 691 nostro
394 646 479 686 rarus
499 627 594 704 magis
613 627 640 687 c'c
660 627 836 689 cohibeesiti

62 797 109 878 (ii)
132 797 217 892 roy*
227 818 278 860 cro
294 798 374 871 boort,
387 818 466 876 grew
482 799 545 859 cod
560 819 640 876 qrow
658 798 708 859 old
723 799 794 859 with
813 800 858 861 tlte
876 800 956 877 body.

101 921 260 994 Praetereo
279 921 363 999 εἰμί
382 921 495 999 puriter
509 941 583 989 ¹cum
600 941 723 1000 corpore
742 929 853 984 etune
900 925 958 982 445

60 1038 190 1078 crescere
209 1021 353 1093 sentimus
372 1020 544 1098 pariterque
564 1039 713 1087 senescere
732 1028 868 1083 mentem.

60 1136 131 1175 nam
151 1116 236 1175 velut
254 1117 373 1175 infirmo
392 1117 479 1195 pueri
498 1122 658 1194 teneroque
677 1123 825 1200 vagentur

62 1232 190 1290 corpore,
212 1215 254 1272 sio
273 1213 367 1271 animi
386 1213 523 1291 sequitur
542 1214 689 1273 sententia
709 1215 815 1276 tenvis.

60 1311 131 1370 inde
151 1312 204 1370 ubi
224 1312 355 1371 robustis
374 1311 506 1371 adolevit
525 1312 639 1372 viribus
659 1318 748 1385 setes,

61 1407 219 1466 consilium
233 1428 350 1486 quoque
363 1409 459 1467 maius
472 1415 504 1468 et
517 1409 634 1468 auctior
646 1414 692 1470 est
705 1409 798 1467 enimi
810 1409 867 1468 vis.
901 1410 960 1469 450

61 1511 132 1583 poet
149 1504 203 1562 ubi
222 1505 283 1562 iam
303 1504 411 1563 validis
430 1511 602 1581 quassatum
623 1511 669 1563 est
688 1506 804 1565 viribus
824 1506 891 1565 aevi

10 1657 12 1663 .
62 1619 168 1679 corpus
188 1607 221 1660 et
239 1601 354 1660 obtusis
373 1600 544 1660 oeciderunt
563 1602 677 1661 viribus
697 1608 790 1675 crtus,

61 1699 211 1759 claudicet
229 1699 392 1776 ingenium,
413 1699 521 1759 delirat
540 1700 651 1776 lingue,
672 1699 751 1758 labat
770 1720 862 1774 mens,

62 1798 163 1857 omnic
182 1795 324 1854 deficiunt
344 1801 434 1873 etque
454 1815 516 1855 uno
535 1802 667 1874 tempore
686 1797 801 1856 desunt

63 1914 134 1972 crgo
154 1893 276 1953 dissolui
296 1912 413 1972 quoque
433 1895 574 1953 convenit
593 1914 711 1953 omnem
731 1895 843 1958 animai
902 1896 960 1954 455

62 1999 212 2065 naturam,
233 2009 287 2053 ceu
307 1989 417 2063 fumus,
438 1989 471 2053 in
491 1990 568 2048 ultus
588 1991 664 2049 aeris
684 2009 789 2066 auros;

63 2087 302 2166 quondoquidem
321 2087 405 2164 gigni
424 2088 537 2164 pariter
555 2088 724 2166 pariterque
743 2090 878 2148 videmus

63 2203 194 2244 crescere
213 2189 251 2257 et,
272 2191 308 2242 ut
328 2183 422 2259 docui,
443 2183 533 2244 simu
554 2203 628 2243 eevo
647 2185 725 2246 fessa
744 2184 850 2247 fatisci.

64 2354 124 2436 (iu)
148 2343 228 2432 rut
240 2352 330 2430 effer
343 2353 399 2413 rte
418 2354 464 2414 ru
481 2354 563 2431 noy,
583 2357 645 2415 ane
665 2355 721 2439 (u)
738 2358 915 2439 sympaecta
928 2329 963 2418 et

125 2461 128 2465 ’
180 2461 182 2465 ’
420 2453 460 2512 ite
479 2452 609 2515 disceres.

106 2575 178 2634 Huc
198 2576 313 2635 accedit
332 2576 379 2635 uti
399 2576 561 2649 rideamne,
583 2597 688 2655 corpus
707 2585 743 2637 ut
762 2579 860 2656 ipsum

63 2671 213 2749 suscipere
232 2673 363 2733 inmanis
382 2675 499 2732 morbos
518 2674 685 2752 durumque
704 2675 844 2748 dolorem,
904 2677 962 2736 460

63 2770 108 2828 sic
128 2770 261 2829 animum
281 2791 368 2832 curas
388 2772 464 2830 coris
483 2772 656 2849 luctumque
675 2779 860 2850 metumque;

62 2887 158 2948 quere
177 2868 353 2946 participem
373 2867 427 2926 leti
446 2886 564 2945 quoque
584 2869 724 2928 convenit
743 2888 813 2933 csse.

63 2966 141 3045 quin
160 2966 251 3024 otium
272 2965 382 3024 morbis
401 2965 435 3024 in
454 2966 584 3044 corporis
603 2967 688 3024 evius
707 2973 788 3027 errat

64 3081 153 3138 saepe
173 3061 308 3135 enimus5
329 3061 475 3120 dementit
494 3063 574 3121 enim
593 3063 745 3141 deliraque
764 3065 848 3123 futur

63 3154 275 3232 interdumque
295 3156 381 3232 gravi
400 3155 535 3233 lethargo
555 3157 653 3220 fertur
671 3157 706 3217 in
725 3159 821 3219 ultum
905 3161 963 3220 465

64 3261 279 3332 aeternumque
299 3273 432 3331 soporem
452 3256 545 3314 oculis
565 3264 700 3334 nutuque
720 3258 848 3331 cedenti,

65 3349 146 3413 unde
165 3368 262 3427 neque
282 3348 406 3410 excudit
425 3369 511 3427 voces
530 3371 584 3410 nec
605 3372 724 3417 noscere
744 3355 844 3424 voltus

148 3470 174 3515 1.
866 3459 883 3520 7
