2198 3764
467 229 599 293 LIBER
620 230 650 293 I.
961 235 998 296 21

109 380 181 434 sunt
200 374 294 453 igitur
315 375 410 436 solida
430 377 573 455 pollentis
594 378 784 455 simplicitate

108 490 234 548 quorum
255 472 400 532 condenso
422 475 517 551 magis
538 474 637 533 omnia
658 475 817 537 conciliatu
941 476 1000 536 575

107 569 200 628 srteri
221 576 345 647 possunt
364 571 535 649 validasque
555 571 709 631 ostendere
730 573 811 634 viris.

147 662 240 724 Porro
262 665 297 726 si,
310 666 424 725 nullast
443 666 615 743 frangendis
637 667 753 726 reddita
772 667 841 727 finis

106 763 285 840 corporibus,
308 769 409 823 tamen
431 784 471 824 ex
492 770 615 824 aeterno
638 771 770 843 tempore
791 785 926 844 quaeque

106 879 187 918 nuno
209 861 298 921 etism
320 882 457 939 superare
477 867 624 922 necessest
646 881 768 940 corpora
790 865 888 939 rebus,

106 975 182 1033 quse
204 958 333 1017 nondum
357 959 476 1017 clueant
498 959 560 1017 ullo
580 964 726 1036 temptata
748 961 866 1038 periclo.
940 962 999 1021 580

105 1055 139 1110 st
159 1053 298 1129 quoniam
321 1054 420 1131 fragili
439 1060 548 1113 natura
566 1056 703 1132 praedita
722 1062 869 1130 constent,

105 1149 252 1228 discrepat
274 1157 428 1212 aeternum
448 1157 566 1230 tempus
589 1153 719 1229 potuisse
740 1172 860 1214 manere

104 1245 368 1306 innumerabilibus
389 1247 484 1324 plagis
504 1255 614 1306 vexata
633 1265 687 1325 per
707 1266 818 1306 aevom.

104 1342 232 1420 denique
251 1344 311 1402 iem
331 1343 470 1420 quoniam
489 1344 652 1420 generatim
672 1343 791 1402 reddita
812 1343 882 1404 finis

105 1439 254 1498 oresoendi
276 1441 364 1498 rebus
387 1444 505 1499 constat
527 1439 680 1517 vitemque
703 1440 832 1513 tenendi,
938 1443 997 1501 585

104 1536 229 1615 etquid
249 1557 381 1615 quaeque
402 1541 514 1615 queant
535 1557 590 1615 per
609 1536 730 1597 foedera
751 1538 880 1610 naturai,

104 1633 177 1710 quid
197 1652 284 1711 porro
301 1639 457 1710 nequeant,
477 1634 624 1692 sancitum
646 1633 882 1712 quandoquidem
901 1640 996 1708 extat,

104 1749 159 1789 neo
181 1736 381 1790 commutatur
401 1731 567 1808 quicquam,
590 1731 663 1808 quin
684 1732 784 1791 omnia
804 1738 942 1791 constant

102 1844 197 1902 usque
217 1824 299 1897 adeo,
322 1825 422 1885 variae
443 1827 577 1885 volueres
594 1832 631 1884 ut
650 1826 684 1885 in
704 1827 807 1886 ordine
827 1834 951 1887 cunetae

101 1921 262 1981 ostendant
281 1923 410 1981 macules
432 1923 578 2000 generalis
599 1943 719 2001 corpore
738 1924 843 1997 inesse,
936 1926 995 1986 590

101 2019 290 2078 immutabili'
313 2020 454 2079 materiae
477 2039 594 2099 quoque
617 2041 721 2100 eorpus
744 2021 853 2081 habere

101 2115 213 2174 debent
234 2116 384 2176 nimirum.
426 2135 496 2174 nam
519 2117 545 2175 si
565 2116 728 2194 primordia
747 2136 847 2176 rerum

100 2212 278 2270 eommutari
299 2212 399 2289 eliqua
420 2211 536 2289 possint
555 2214 671 2272 ratione
694 2213 815 2287 revicta,

100 2308 248 2367 incertum
272 2328 389 2386 quoque
411 2308 472 2367 iam
495 2315 611 2368 constet
632 2310 703 2387 quid
724 2313 818 2388 possit
840 2312 920 2385 oriri,

99 2404 175 2482 quid
195 2411 331 2484 nequeat,
354 2405 441 2465 finita
460 2411 592 2484 potestas
616 2406 742 2485 denique
763 2410 869 2488 cuique
936 2411 993 2469 595

100 2519 230 2579 quanam
250 2500 292 2560 eit
313 2502 429 2561 ratione
451 2508 541 2579 atque
562 2502 622 2561 ulte
645 2503 789 2562 terminus
811 2504 935 2580 herens,

98 2618 156 2658 neo
179 2598 289 2658 totiens
309 2600 424 2676 possint
445 2598 608 2676 generatim
632 2599 728 2658 seeola
753 2600 865 2660 referre

98 2701 240 2757 naturam
262 2716 359 2756 mores
382 2698 494 2756 vietum
518 2705 674 2776 motusque
693 2703 860 2775 parentum.

98 2863 201 2922 Atoms
232 2861 338 2921 oonaist
370 2860 408 2937 <ff
428 2871 523 2940 ports,
552 2861 601 2920 dut
628 2861 700 2921 these
721 2871 808 2938 ports
833 2873 939 2924 cannot
963 2864 993 2924 de

464 2959 623 3036 separated.

138 3081 215 3140 Tum
226 3098 314 3158 porro
325 3079 465 3157 quoniam
474 3084 521 3139 est
530 3085 695 3140 extremum
706 3079 843 3158 quodque
853 3100 992 3140 oaoumen

98 3177 228 3256 eorporis
250 3177 331 3236 illius
351 3179 432 3255 quod
454 3178 550 3236 nostri
572 3197 690 3237 eernere
713 3197 817 3237 sensus
933 3181 991 3238 600

97 3276 159 3336 iam
182 3279 344 3352 nequeunt,
366 3273 397 3332 id
421 3273 561 3333 nimirum
583 3274 647 3332 sine
670 3275 805 3351 partibus
826 3279 910 3333 extet

97 3380 130 3434 et
150 3371 275 3431 minima
297 3377 414 3431 constet
434 3376 543 3431 natura
566 3390 620 3431 nee
641 3371 702 3430 fuit
724 3391 864 3450 umquam
