2198 3764
399 199 611 272 tremit.
768 171 773 182 ’
921 187 1027 275 π’

58 389 131 451 ergo
149 391 251 434 omnes
270 380 381 436 natura
399 378 480 437 cibos
499 379 533 438 in
552 397 676 457 corpora
695 380 767 440 vive

59 473 154 532 vertit
165 478 197 532 et
214 473 285 532 hinc
298 494 402 535 sensus
414 478 601 537 animantum
619 484 755 557 procreet
768 499 878 553 omnes,
901 478 961 539 880

58 588 122 631 non
141 572 200 630 elie
219 572 306 649 longe
325 574 441 633 ratione
461 575 559 653 edque
578 577 662 634 eride
682 577 764 655 ligna

59 667 190 744 explicet
208 667 243 726 in
261 669 395 728 flammas
414 676 446 728 et
464 670 500 730 io
519 671 597 748 ignis
617 674 718 731 omnis
737 677 844 732 verset.

59 764 159 823 iamne
179 764 261 824 vides
279 765 373 842 igitur
392 768 494 844 magni
514 768 678 846 primordie
696 787 795 828 rerum

59 861 172 921 referre
190 862 224 920 in
243 863 326 940 quali
346 862 408 922 sint
427 864 532 923 ordine
552 884 686 943 quaeque
706 864 803 924 locata

59 964 93 1018 et
111 959 272 1019 commixto
289 961 399 1039 quibus
418 961 492 1020 dent
510 966 610 1020 motus
629 961 852 1040 accipientquel
899 964 958 1037 880

59 1113 286 1195 Improboddity
306 1112 344 1190 of
364 1115 410 1174 tlte
430 1114 529 1191 tlwory
548 1112 619 1190 moly
637 1122 787 1190 emunit.
838 1114 962 1177 Vettona

99 1211 331 1289 arqumcotsfor
340 1211 373 1286 st,
385 1212 450 1271 aed
457 1210 612 1288 objections
622 1219 650 1270 to
660 1211 706 1270 tte
715 1211 841 1288 opposite
851 1212 958 1290 theory.

99 1326 177 1386 Tum
187 1345 275 1404 porro
284 1326 357 1404 quid
370 1326 402 1385 id
412 1332 466 1401 est,
478 1326 611 1384 animum
620 1324 699 1403 quod
711 1327 851 1403 percutit,
862 1326 960 1404 ipsum

58 1424 140 1503 quod
159 1428 261 1483 movet
280 1429 312 1482 et
331 1422 428 1481 varios
448 1442 552 1481 sensus
572 1442 745 1500 expromere
764 1423 852 1501 cogit,

59 1541 100 1581 ex
118 1522 308 1580 insensilibus
327 1540 367 1579 ne
387 1520 489 1580 credas
507 1521 615 1579 sensile
634 1521 737 1599 gignis

59 1619 202 1681 nimirum
222 1618 335 1695 lapides
354 1622 387 1675 et
405 1617 488 1694 ligna
507 1622 539 1676 et
558 1623 639 1676 terra
657 1618 737 1695 quod
756 1637 818 1677 une

59 1715 158 1774 mixte
176 1721 278 1773 tamen
296 1719 450 1792 nequeunt
467 1713 590 1773 vitalem
607 1714 730 1774 reddere
748 1734 875 1779 sensum.
899 1716 959 1777 890

59 1815 136 1874 illud
155 1814 189 1873 in
207 1815 255 1873 his
275 1813 368 1891 igitur
387 1814 476 1872 rebus
495 1813 664 1872 meminisse
684 1814 807 1890 decebit,
951 1817 960 1834 ²

59 1930 121 1970 non
141 1930 180 1969 ex
199 1910 336 1969 omnibus
355 1908 485 1984 omnino,
505 1929 707 1987 quoecumque
726 1916 830 1971 creent
848 1931 903 1989 res,

58 2011 166 2071 sensile
185 2016 218 2069 et
236 2009 385 2086 extemplo
405 2027 454 2068 me
473 2008 557 2086 gigni
576 2008 673 2067 dicere
692 2027 803 2082 sensus,

59 2108 112 2167 sed
131 2107 232 2184 magni
251 2107 360 2166 referre
380 2125 415 2165 ee
434 2105 565 2183 primum
585 2105 731 2183 quantula
750 2113 894 2183 constent,

58 2205 166 2264 sensile
183 2223 259 2282 quse
277 2203 400 2277 iaciunt,
418 2209 450 2261 et
467 2222 527 2280 qus
545 2203 607 2261 sint
623 2203 758 2280 praedite
774 2204 877 2279 forme,
899 2205 958 2265 895

58 2302 191 2361 motibus
210 2300 363 2361 ordinibus
383 2301 525 2378 posituris
545 2300 673 2378 denique
692 2320 768 2378 quoe
787 2303 856 2362 sint

58 2417 186 2476 querum
205 2398 251 2456 nil
270 2416 370 2456 rerum
389 2397 423 2455 in
442 2397 532 2474 lignis
551 2397 720 2474 glaebisque
739 2398 891 2474 videmus3

57 2501 91 2554 et
107 2502 210 2554 tumen
222 2494 303 2568 hoec,
317 2514 384 2553 cum
397 2501 469 2553 sunt
486 2495 572 2573 qussi
590 2495 758 2573 putrefacte
775 2516 829 2574 per
840 2499 956 2573 imbres,

59 2592 235 2651 vermiculos
254 2593 386 2670 pariunt,
407 2593 478 2671 quis
498 2611 621 2670 corpore
640 2594 776 2653 materiei

57 2689 191 2767 antiquis
210 2710 249 2748 ex
268 2689 422 2748 ordinibus
442 2694 577 2767 permoto
596 2710 676 2749 nove
694 2710 727 2750 re
898 2693 957 2756 000

57 2786 256 2845 concilientur
274 2786 318 2844 ite
338 2791 374 2845 ut
393 2787 503 2845 debent
523 2786 665 2846 animalia
683 2786 774 2865 gigni.

57 2881 166 2942 deinde
186 2901 225 2940 ex
243 2881 400 2941 sensilibus
421 2883 474 2960 qui
493 2883 600 2942 sensile
619 2902 704 2962 posse
724 2884 819 2944 creari

56 2976 254 3051 constituunt,
275 2996 364 3054 porro
383 2996 422 3037 ex
441 2977 508 3036 eliis
527 2978 637 3036 sentire
657 2979 734 3038 su'e‘ti

56 3073 160 3133 mollis
179 3075 240 3132 iam
259 3073 381 3134 iaciunt
411 3094 481 3133 nem
501 3095 604 3134 sensus
623 3076 760 3153 iungitur
779 3078 875 3140 omnis

56 3172 221 3231 visceribus
240 3172 341 3231 nervis
360 3173 452 3246 venis,
474 3193 549 3250 quse
568 3176 675 3252 cuique
694 3175 830 3237 videmus
897 3179 955 3240 900

55 3268 160 3327 mollis
179 3268 298 3327 morsali
321 3269 482 3328 consistere
504 3289 625 3347 corpore
647 3278 735 3331 crete

56 3365 109 3425 sed
129 3371 233 3425 tamen
253 3372 317 3423 esto
339 3365 399 3423 iem
420 3384 506 3444 posse
526 3367 599 3428 hoec
620 3375 741 3428 aeterne
762 3388 899 3431 menoses
