2198 3764
409 202 542 266 BIBER
567 208 613 268 II.
919 203 957 270 '49

64 368 104 407 ex
127 350 279 429 animique
299 349 455 413 voluntate
475 354 507 413 id
527 354 684 432 procedere
703 355 842 434 primum,
900 357 959 416 270

64 446 136 505 inde
156 445 222 506 dari
243 467 332 526 porro
354 468 409 526 per
428 456 527 509 totum
548 471 655 529 corpus
674 457 708 511 et
727 457 819 512 artus.
891 474 893 478 ·

63 565 120 604 nec
138 545 263 605 similest
283 552 319 605 ut
340 568 408 607 eum
428 549 549 626 impulsi
569 549 755 627 procedimus
776 549 851 609 ictu

63 643 180 701 vir-rbus
200 644 325 703 ulterius
345 645 460 722 magnis
482 664 648 723 magnoque
670 651 775 705 coortu
785 665 795 720 3

63 759 134 798 nam
158 745 224 798 tum
241 741 395 799 materiem
417 741 511 799 totius
531 742 660 818 corporis
681 760 799 801 omnem

63 836 284 912 perspicuumst
303 837 390 896 nobis
412 836 518 896 invitis
541 837 585 896 ire
605 838 736 915 rapique,
899 839 957 900 275

63 934 158 992 donec
178 952 245 992 esm
263 934 427 994 refrenavit
447 953 501 1012 per
521 937 655 994 membra
675 937 822 998 voluntas.

62 1030 163 1088 iamne
184 1030 268 1089 vides
288 1030 392 1107 igitur,
412 1050 592 1109 quamquam
611 1032 658 1090 vis
677 1038 781 1091 extera
801 1034 928 1092 multos

62 1128 180 1204 pellet
179 1133 212 1187 et
232 1128 344 1189 invitos
364 1134 451 1206 cogat
470 1128 627 1206 propedem
645 1148 735 1207 saepe

63 1225 297 1304 praecipitesque
318 1227 392 1304 rapi,
412 1232 515 1285 tamen
533 1247 597 1286 csse
616 1227 650 1286 in
669 1233 788 1304 pectore
807 1237 905 1286 nostro

62 1321 206 1398 quiddam
226 1322 306 1400 quod
319 1329 424 1381 contra
435 1324 568 1400 pugnare
580 1324 756 1401 obstareque
767 1324 880 1401 possiti
900 1322 958 1384 280

63 1420 149 1476 cuius
166 1418 205 1477 ad
226 1418 384 1477 arbitrium
405 1439 521 1496 quoque
543 1420 627 1497 copia
647 1420 785 1478 materiai
826 1458 829 1465 ι

62 1516 180 1593 cogitur
201 1516 358 1597 interdum
374 1517 454 1575 flecti
473 1519 680 1600 per'membra
698 1537 751 1594 per
774 1524 858 1597 artus

62 1620 96 1675 et
115 1616 246 1692 proiecta
265 1614 435 1674 refrenctur
454 1616 592 1693 retroque
612 1616 726 1676 residit.

62 1731 155 1790 quere
167 1712 201 1771 in
213 1712 376 1771 seminibus
388 1730 504 1789 quoque
517 1712 596 1771 idem
608 1713 723 1791 fateare
741 1719 897 1786 necessest,

62 1829 127 1870 esse
144 1809 234 1868 aliam
257 1814 375 1886 praeter
392 1808 495 1887 plagas
515 1816 546 1868 et
568 1810 838 1886 pondera-causam
899 1810 957 1868 285

61 1907 202 1979 motibus,
224 1906 305 1965 unde
326 1905 399 1965 baec
421 1912 468 1965 est
489 1907 575 1965 nobis
594 1906 699 1964 innata
716 1898 856 1984 potestas,

62 2005 101 2063 de
120 2003 183 2063 nilo
202 2003 342 2080 quoniam
362 2003 427 2061 fieri
446 2003 491 2061 nil
510 2022 595 2080 posse
612 2002 756 2061 videmus.
797 2042 799 2049 ·

61 2100 179 2179 pondus
198 2099 278 2159 enim
299 2098 436 2177 prohibet
454 2118 493 2157 ne
511 2099 607 2176 plagis
626 2098 726 2156 omnia
745 2099 820 2156 fiant

61 2203 188 2258 externa
207 2196 293 2275 qussi
312 2197 361 2269 vi;
384 2195 437 2254 sed
457 2215 495 2254 ne
518 2215 602 2255 mens
621 2196 687 2272 ipsa
706 2215 857 2254 necessum

61 2294 239 2354 intestinum
260 2293 370 2351 habeat
389 2292 505 2350 eunctis
525 2291 558 2349 in
577 2291 666 2350 rebus
686 2289 807 2367 agendis
898 2291 957 2350 290

61 2398 95 2450 et
113 2391 231 2450 devicta
250 2389 335 2466 quasi
355 2389 406 2447 boc
425 2387 647 2465 cogaturierre
665 2387 796 2464 patique,
853 2408 864 2415 ·’
958 2406 961 2411 ·

62 2489 94 2547 id
114 2487 189 2547 facit
207 2487 347 2564 exiguum
368 2485 515 2544 clinamen
535 2484 749 2561 principiorum
799 2518 801 2522 ι
846 2512 848 2520 ·

61 2604 118 2644 nec
136 2584 257 2661 regione
275 2583 333 2641 loci
352 2587 433 2641 certa
453 2600 509 2640 nec
530 2587 662 2657 tempore
686 2586 774 2638 certo.

62 2729 174 2789 Maste
192 2728 221 2787 ιο
239 2727 351 2803 always
369 2735 628 2786 οοιιοιοιιι-ιιοοοι·
650 2743 729 2782 more
754 2743 789 2781 or
811 2723 865 2783 lcrs
891 2741 956 2784 con·

102 2823 217 2896 ἅοποοιι,
240 2822 279 2882 ιιι
301 2822 427 2881 motione
449 2821 560 2897 always
582 2818 737 2890 thereme,
761 2819 800 2877 its
822 2840 889 2879 urm
912 2821 958 2879 iu·

102 2902 240 2996 οοοίοιῖο,
257 2920 337 2980 absos
355 2919 461 2978 there
447 2939 476 2978 aa
493 2938 532 2976 no
547 2921 629 2995 space
643 2915 758 2974 cuttide
768 2914 813 2974 tire
826 2915 959 3015 universe.

102 3011 734 3124 tqreccivcmotterorsupplpcoewforce
872 3017 873 3021 ’
904 3015 906 3025 ⁴
935 3018 959 3025 “’

100 3155 167 3214 Nec
190 3155 302 3232 stipatu
324 3152 419 3230 magis
439 3152 502 3210 fuit
524 3168 665 3228 umquem
684 3149 822 3208 materiai

59 3254 145 3331 copia
164 3273 218 3312 nee
238 3271 325 3330 porro
344 3251 505 3320 maioribus
524 3249 777 3324 intervallis3.¹
866 3248 954 3307 2-95

58 3370 129 3411 ιιοιιι
150 3368 247 3427 neque
268 3348 439 3426 adaugescit
459 3346 617 3426 quicquam
636 3365 733 3424 neque
746 3315 862 3421 deperit
874 3343 954 3403 inde.

139 3472 166 3516 a
854 3450 873 3507 4
