2198 3764
91 209 131 269 32
444 205 636 268 Lucum

90 357 189 416 iamne
207 355 291 414 vides
312 342 413 432 igitur,
437 355 527 432 paule
548 356 626 432 quod
646 343 778 413 diximus
798 360 881 429 unte,

90 453 242 532 permagni
264 453 376 512 referre
393 453 496 511 eadem
516 454 679 531 primordia
694 450 790 532 ¹saepe

90 568 158 607 cum
180 549 289 626 quibus
312 555 344 607 et
363 550 446 627 quali
465 550 600 626 positura
620 549 830 609 contineantur

90 652 123 704 et
143 665 217 724 quos
237 647 318 704 inter
336 665 368 704 se
388 647 462 705 dent
477 653 577 705 motus
594 647 807 725 accipiantque,
934 648 997 709 910

91 750 182 821 atque
204 743 308 802 eadem
329 743 419 820 paulo
436 743 517 800 inter
533 762 565 801 se
583 749 701 801 mumta
721 763 821 801 creare

91 841 175 918 ignes
198 846 230 899 et
249 840 384 917 lignuml
406 859 466 918 quo
487 847 573 917 pecte
594 841 686 898 verbs
707 859 823 918 quoque
845 839 914 917 ipsa

92 937 173 996 inter
193 957 225 996 se
245 938 335 1015 paulo
356 937 482 996 mutatis
505 942 578 994 eunt
600 937 764 1014 elementis,

93 1052 161 1092 eum
184 1034 266 1111 ligna
286 1039 377 1111 atque
393 1034 477 1111 ignes
498 1033 640 1092 distincta
659 1053 732 1094 voce
753 1039 907 1092 notemus:

93 1129 220 1209 denique
239 1133 299 1190 iam
314 1152 516 1211 quaecumque
537 1132 570 1191 in
591 1133 680 1192 rebus
697 1133 793 1192 cernis
806 1133 922 1211 apertis
938 1134 998 1192 915

94 1229 121 1287 si
142 1228 208 1286 fieri
228 1247 289 1287 non
312 1247 396 1306 posse
418 1236 515 1306 putus,
534 1229 609 1305 quin
629 1229 766 1288 materiai

94 1344 215 1402 corpora
235 1325 380 1384 consimili
400 1332 510 1383 natura
530 1325 666 1402 praedita
686 1326 789 1402 fingas,

93 1421 150 1481 hac
170 1423 285 1481 ratione
305 1422 363 1480 tibi
383 1428 510 1500 pereunt
530 1422 692 1500 primordia
709 1441 829 1485 rerumz

93 1519 148 1578 liet
167 1519 214 1577 uti
234 1519 297 1576 risu
313 1518 442 1576 tremulo
463 1538 604 1577 concussa
623 1519 804 1577 cachinnent

94 1623 126 1676 et
146 1614 276 1674 lacrimis
293 1615 378 1674 salsis
398 1622 550 1675 umectent
571 1637 623 1675 ora
642 1635 798 1694 genasque.
940 1618 999 1678 920

102 1861 106 1871 Ι
135 1777 216 1874 ΙΤΙιο
236 1777 377 1854 difficulty
397 1778 435 1855 os
451 1778 496 1837 tlte
518 1778 633 1856 subject.
673 1778 722 1840 Ite
742 1778 932 1854 importunes

134 1899 226 1959 Nunc
246 1920 301 1976 age
322 1900 401 1978 qued
419 1906 553 1978 superest
571 1919 710 1978 cognosce
730 1906 762 1959 et
783 1900 894 1959 clarius
917 1901 997 1960 audi.

95 2016 150 2055 nec
168 2016 216 2055 me
236 1997 330 2055 animi
353 1997 432 2056 fallit
452 2017 540 2074 quam
563 1999 624 2056 sint
646 2000 787 2072 obscura;
808 1999 862 2058 sed
882 2000 949 2058 acri

96 2095 241 2172 percussit
258 2094 361 2170 thyrso
381 2095 478 2153 laudis
498 2115 564 2173 spes
582 2115 691 2172 magne
709 2116 808 2155 meum
828 2117 882 2157 eor

96 2195 127 2248 et
142 2190 231 2248 simul
251 2189 376 2247 incussit
397 2209 518 2248 suavem
540 2191 582 2249 mi
600 2192 632 2250 in
654 2200 757 2269 pectus
779 2213 912 2253 amorem

96 2305 256 2358 musarum,
278 2304 337 2363 quc
357 2305 437 2344 nunc
458 2287 619 2348 instinctus
642 2295 742 2348 mente
759 2291 877 2367 vigenti
940 2296 998 2355 925

96 2383 165 2442 avia
187 2382 339 2441 Pieridum
358 2402 481 2460 peragro
502 2383 567 2442 locu
589 2385 702 2443 nullius
723 2391 794 2444 ante

97 2479 170 2538 trita
189 2479 260 2537 sole.
282 2478 368 2536 iuvat
388 2478 520 2556 integros
537 2479 673 2540 accedere
691 2481 784 2541 fontis

97 2584 186 2655 atque
206 2575 333 2646 haurire,
357 2575 500 2653 iuvatque
518 2596 610 2635 novos
632 2577 785 2656 decerpere
807 2580 899 2642 flores
983 2597 986 2603 ·

97 2675 300 2752 insignemque
316 2691 382 2731 meo
402 2674 493 2750 capiti
515 2679 616 2750 petere
635 2675 705 2734 inde
726 2695 865 2736 ceronam

69 2756 176 2829 'unde
197 2771 281 2846 prius
303 2769 381 2827 nulli
397 2770 527 2829 velarint
549 2776 684 2846 tempora
707 2791 828 2847 musae3
939 2778 998 2837 930

96 2867 226 2946 primum
246 2865 327 2942 qued
346 2865 461 2941 magnis
477 2865 565 2924 doceo
585 2866 622 2925 de
643 2869 732 2926 rebus
755 2876 792 2926 et'
806 2872 883 2931 artis
984 2886 987 2895 ⁴

97 2963 273 3039 religionum
290 2962 423 3020 animum
443 2963 528 3020 nodis
549 2963 701 3022 exsolvere
721 2979 819 3042 pergo,

97 3060 203 3119 deinde
223 3059 304 3138 quod
324 3061 448 3118 obscura
469 3061 505 3119 de
526 3081 558 3119 re
581 3069 645 3120 tam
666 3063 764 3121 lueida
783 3083 884 3143 pango

97 3157 237 3228 carmine,
259 3175 378 3214 musaeo
399 3156 572 3232 contingens
594 3164 702 3217 cuncta
723 3159 831 3237 lepore.

97 3253 130 3313 id
151 3272 266 3330 quoque
288 3251 367 3309 enim
389 3270 450 3308 nou
464 3252 510 3308 ‘ab
530 3253 613 3311 nulla
634 3255 749 3313 ratione
770 3256 914 3337 videtur-3
940 3263 997 3324 935

98 3349 149 3408 aed
170 3347 265 3406 veluti
285 3346 386 3423 pueris
408 3346 559 3404 absinthia
579 3353 676 3406 taetra
692 3349 846 3411 medentes
