2198 3764
475 231 606 294 MBER
628 229 656 296 I.
970 237 1009 299 23

114 421 174 482 wa
193 420 329 498 ptysiccl
351 421 471 481 theorica
494 421 532 498 os
548 422 594 482 tlte
616 423 835 485 Pro-Socratica.
879 423 924 505 (l)
952 426 1009 484 He·

192 520 316 579 acolitus
335 520 455 579 derived
472 521 515 578 ull
539 520 635 596 ttiups
649 519 808 597 frcmfirc.
852 522 1008 600 Objectimm

192 625 220 675 to
234 617 281 675 leis
294 617 478 694 theory-tlte
491 617 605 695 variety
618 617 656 693 of
663 617 766 694 lisinec,
782 618 830 679 ea

152 736 339 815 Quapropter
351 738 404 815 qui
418 738 570 796 materiem
584 759 683 797 rerum
696 759 760 798 esse
773 745 920 817 putarunt
948 742 1005 800 635

111 836 211 912 ignem
230 841 320 912 atque
340 855 378 894 ex
397 836 461 913 igni
480 856 625 895 summam
645 837 804 896 consistere
823 839 895 912 solo,

111 950 219 1009 magno
238 951 325 1010 opere
344 951 364 991 a
383 952 455 991 vara
474 933 550 1010 lapsi
570 934 685 992 ratione
706 934 853 995 videntur.

110 1029 284 1088 Heraclitus
303 1029 362 1089 init
381 1048 506 1106 quorum
527 1030 590 1089 dux
609 1030 722 1107 proelia
741 1030 865 1108 primus,

110 1127 207 1185 clarus
226 1126 259 1185 cb
279 1127 432 1185 obscuram
452 1127 584 1202 linguam
604 1127 697 1203 magis
717 1127 797 1185 inter
815 1128 912 1187 inanis

109 1221 237 1298 quamde
256 1222 355 1298 gravis
374 1221 454 1279 inter
474 1220 580 1279 Graios
599 1221 652 1298 qui
671 1241 742 1279 vera
758 1222 922 1298 requirunt
945 1223 1004 1282 640

109 1317 212 1393 omnia
228 1317 307 1376 enim
328 1316 428 1376 stolidi
448 1317 542 1394 magis
561 1316 749 1376 admirantur
768 1323 935 1395 amantque,

108 1415 235 1475 inversis
256 1435 332 1493 quae
353 1416 408 1474 sub
429 1416 528 1473 verbis
549 1415 703 1473 latitantia
725 1419 859 1486 cernunt,
933 1487 935 1491 Ι

106 1529 236 1589 veraque
256 1511 443 1571 constituunt
462 1531 538 1590 quae
556 1512 633 1570 belle
654 1519 774 1590 tangere
793 1518 919 1590 possunt

106 1610 189 1668 auris
209 1615 241 1668 et
259 1609 356 1687 lepido
376 1629 452 1689 quae
471 1615 543 1669 sunt
563 1609 665 1668 fucata
686 1629 797 1669 sonore

147 1706 227 1766 Nam
241 1712 370 1765 curtam
383 1707 483 1764 variae
497 1725 544 1764 rcs
557 1707 673 1783 possint
686 1726 749 1765 esse
762 1706 889 1784 requiro,
941 1707 1000 1766 645

105 1822 145 1860 ex
168 1822 228 1861 uno
249 1804 275 1861 si
296 1807 368 1862 sunt
389 1803 453 1881 igni
475 1823 607 1882 puroque
631 1809 762 1879 creatae3

104 1900 150 1958 nil
171 1902 322 1978 prodesset
344 1901 422 1959 enim
446 1901 574 1959 calidum
596 1901 746 1960 denserier
765 1901 867 1979 ignem

104 2017 161 2055 nec
179 1997 318 2070 mmfieri,
339 1998 366 2056 si
384 2003 483 2075 partes
503 1998 581 2074 ignis
601 1998 724 2057 eandem

104 2100 244 2152 naturam
266 2114 356 2172 quam
376 2099 460 2153 totus
477 2095 568 2153 habet
588 2114 677 2172 super
697 2093 775 2171 ignis
797 2092 946 2153 haberent

103 2193 200 2251 acrior
220 2193 308 2252 ardor
326 2192 406 2251 enim
426 2192 579 2250 conductis
601 2192 736 2269 partibus
752 2201 838 2267 esset,
940 2192 999 2252 650

103 2291 272 2368 languidior
293 2309 381 2369 porro
404 2289 532 2348 disiectis
556 2288 660 2367 disque
681 2290 803 2367 supctia

102 2391 231 2466 amplius
255 2389 309 2448 hoc
331 2389 397 2448 fieri
418 2389 462 2449 nil
483 2394 529 2447 est
553 2389 632 2466 quod
653 2407 739 2466 posse
760 2389 852 2448 rearis

102 2487 213 2545 talibus
235 2487 267 2544 in
289 2486 391 2558 causis,
414 2485 523 2545 nedum
549 2485 698 2543 variantia
718 2504 817 2543 rerum

101 2591 188 2642 tauta
209 2589 299 2661 queat
322 2584 420 2643 densis
443 2584 576 2660 rarisque
600 2602 638 2642 ex
659 2583 777 2658 ignibus
799 2603 870 2642 esse.

101 2681 134 2740 id
158 2701 282 2759 quoque,
307 2682 334 2741 si
354 2682 466 2740 faciant
486 2681 655 2740 admixtum
678 2682 766 2739 rebus
788 2678 885 2753 inane,
938 2681 996 2742 655

100 2781 218 2839 denseri
241 2785 382 2858 poterunt
404 2780 487 2858 ignes
509 2779 628 2857 rarique
651 2778 786 2857 relinqui.

100 2879 151 2937 sed
173 2879 246 2955 quia
267 2879 364 2937 multa
384 2878 441 2936 sibi
465 2885 592 2936 cernunt
614 2875 764 2935 contraria
785 2875 867 2934 nasci

99 2982 132 3034 et
153 2975 286 3053 fugitant
310 2976 342 3032 in
364 2975 454 3034 rebus
474 2975 564 3033 inane
587 2973 752 3049 relinquere
772 2991 891 3050 purum,

99 3071 195 3131 ardua
215 3071 286 3130 dum
309 3077 459 3146 metuunt,
484 3071 629 3129 amittunt
652 3089 723 3128 vera
744 3069 813 3142 viai,

98 3187 154 3227 nec
174 3187 293 3225 rursum
316 3174 441 3226 cernunt
464 3174 601 3245 exempto
624 3166 714 3225 rebus
735 3167 820 3226 inani
934 3167 993 3228 660

98 3264 199 3322 omnia
219 3264 336 3321 danseri
359 3264 482 3341 fierique
503 3283 541 3322 ex
563 3263 699 3321 omnibus
720 3282 814 3320 unum

97 3379 212 3440 eorpus,
231 3359 276 3419 nil
295 3361 334 3419 ab
353 3379 385 3420 se
406 3360 485 3439 quod
505 3358 599 3438 possit
617 3360 737 3418 mittere
756 3359 865 3436 raptim
869 3377 879 3433 ;
