2198 3764
464 230 595 298 llere
619 225 647 300 Ι.
960 235 1000 302 27

102 406 170 446 cum
190 369 344 446 videamus
364 385 396 445 id
418 392 583 444 extremum
602 387 745 463 cuiusque
764 377 905 446 cecumen

100 498 165 537 esee
178 478 415 556 quododeeneue
425 483 541 536 nostroe
550 477 704 536 minimum
714 497 777 537 esse
784 477 912 551 videtur,
937 479 996 537 750

102 576 237 635 conicere
256 581 293 634 ut
312 576 408 653 poesie
430 594 468 634 ex
492 573 556 646 hoc,
578 594 654 651 quae
677 593 796 634 cernere
816 593 877 632 non
900 575 968 650 quie

101 676 268 730 extremum
281 671 361 749 quod
374 671 493 745 hebent,
508 671 663 729 minimum
677 671 836 730 consistere
850 673 886 728 ic
897 669 966 729 illie

101 767 161 826 huc
182 767 296 826 accedit
318 768 401 839 item,
423 767 562 844 quoniam
583 766 745 845 primordio
766 786 866 825 rerum

100 856 203 916 mollia
226 860 422 932 constituunt,
444 878 520 936 quae
541 879 595 917 noe
614 859 721 917 notive
740 859 876 917 videmus

100 974 163 1014 eeee
184 960 217 1014 et
237 957 357 1015 mortali
380 976 447 1015 cum
468 976 588 1034 corpore
609 957 754 1029 funditus,
778 957 867 1033 utqui
937 956 995 1018 755

100 1051 208 1109 debeat
226 1051 265 1111 ed
284 1053 379 1110 nilum
399 1052 459 1110 iem
480 1071 578 1110 rerum
598 1071 714 1109 summe
733 1051 846 1110 reverti

100 1151 138 1210 de
159 1151 279 1227 niloque
302 1156 406 1207 renate
426 1150 573 1226 vigescere
596 1149 680 1225 copie
700 1166 813 1222 rerum3

99 1266 226 1325 quorum
247 1252 407 1323 utrumque
429 1246 502 1323 quid
524 1265 544 1305 e
564 1266 635 1305 vcro
656 1247 714 1306 iem
739 1247 831 1305 distet
853 1245 980 1307 hebebis.

100 1346 208 1405 deinde
228 1342 349 1403 inimice
370 1344 465 1403 modin
487 1345 591 1403 multir
612 1352 683 1404 eunt
706 1349 797 1422 etque
817 1364 932 1404 venereo

99 1445 165 1522 ipse
177 1443 234 1502 eibi
247 1443 326 1501 inter
339 1462 383 1517 ee;
396 1462 487 1520 quere
500 1447 554 1501 eut
566 1461 720 1520 congresse
733 1442 876 1520 peribunt
937 1443 995 1503 760

100 1544 154 1595 aut
174 1536 219 1594 ite
237 1535 395 1611 diffugient
414 1540 450 1593 ut
472 1540 648 1612 tempestate
669 1542 771 1593 ooecte

99 1634 228 1694 fulmina
249 1634 391 1711 diffugere
412 1640 502 1710 etque
523 1633 626 1692 imbris
646 1640 813 1711 ventosque.
825 1632 967 1692 videmus.

140 1733 278 1810 Denique
299 1738 441 1809 quattuor
463 1752 502 1791 ex
522 1733 612 1791 rebue
632 1731 659 1790 ei
682 1739 790 1791 cuncte
810 1737 949 1790 creantur

99 1845 190 1908 etque
210 1830 244 1888 in
266 1849 316 1887 ees
338 1848 455 1887 rursum
480 1848 527 1888 ree
549 1829 648 1887 omnio
671 1828 884 1902 dissoluuntur,

99 1929 153 2007 qui
176 1927 269 2005 megie
292 1925 345 1984 ille
368 1932 482 2003 queunt
504 1945 605 1984 rerum
627 1925 789 2003 primordio
809 1925 869 1984 dici
936 1924 995 1987 765

98 2044 189 2101 quem
211 2028 315 2081 contre
337 2041 384 2080 ree
405 2022 524 2081 illorum
545 2027 683 2099 retroque
703 2021 823 2099 putarit

98 2119 223 2179 alternis
245 2118 410 2195 gignuntur
432 2118 511 2176 cuim
532 2124 709 2195 mutentque
732 2118 857 2176 colorem

98 2222 133 2275 et
154 2223 248 2274 totem
271 2216 351 2273 inter
373 2234 405 2273 ee
427 2220 566 2273 naturum
587 2222 718 2291 tempore
740 2215 779 2272 eb
800 2214 888 2275 omni.

98 2313 147 2373 ein
170 2311 215 2372 ite
237 2312 314 2371 forte
335 2317 423 2388 putee
443 2311 521 2388 ignis
543 2321 697 2388 terraeque
718 2312 795 2370 coire
935 2310 994 2372 770

98 2429 205 2487 corpus
227 2417 260 2469 ct
280 2410 374 2468 eeriee
397 2429 485 2468 eures
506 2429 659 2487 roremque
680 2410 812 2487 liquoris,

98 2508 144 2566 nil
165 2507 198 2566 in
221 2508 344 2566 concilio
364 2513 504 2565 neturem
525 2513 560 2565 ut
581 2512 677 2565 mutet
698 2525 808 2579 eorum,

98 2604 184 2664 nulle
206 2606 264 2664 tibi
284 2624 324 2664 ex
343 2604 404 2663 illie
427 2604 538 2682 poterit
558 2623 605 2663 ree
628 2623 691 2662 esee
712 2609 818 2677 orecte,

98 2722 161 2762 non
181 2704 324 2776 animane,
347 2722 408 2761 non
428 2702 566 2760 exenimo
588 2721 657 2761 cum
678 2721 806 2779 corpore,
830 2710 867 2763 ut
888 2703 982 2763 urboe

98 2799 209 2877 quippe
222 2818 305 2858 suem
319 2801 445 2877 quicque
456 2799 490 2857 in
502 2804 589 2858 coetu
601 2799 746 2857 verientis
759 2801 857 2859 accrvi
935 2802 992 2861 775

99 2904 237 2955 naturum
260 2897 398 2956 ostendet
419 2896 590 2973 mixtusque
613 2896 764 2954 videbitur
784 2916 836 2955 eer

98 3012 165 3051 cum
190 2999 271 3052 terre
292 2993 380 3051 simul
402 2999 493 3070 etque
514 2993 602 3051 euior
622 3011 691 3050 cum
712 3011 778 3050 rore
799 3012 925 3056 monem.

98 3097 130 3148 et
154 3089 315 3167 primordie
336 3088 494 3166 gignundis
517 3089 550 3147 iu
573 3089 660 3148 rebus
681 3094 798 3164 oportet
843 3162 846 3167 ⁶

97 3193 239 3246 netur-em
261 3186 473 3245 clandestinum
488 3204 659 3265 oeecemque
680 3183 827 3261 adhibere,

97 3285 227 3344 emineat
245 3301 283 3342 ne
302 3283 375 3361 quid
394 3283 473 3360 quod
491 3289 594 3341 contre
613 3288 726 3361 pugnet
742 3291 773 3344 et
790 3285 888 3343 obetet
933 3280 991 3345 780

96 3381 256 3462 quominus
278 3399 341 3441 eece
363 3385 455 3461 queat
474 3380 592 3460 proprie
615 3382 818 3461 quodcumque
841 3385 966 3441 creetur.
