2198 3764
389 214 520 274 LIBER
545 214 611 275 III.
913 214 951 275 87

54 372 149 432 Minci
174 371 240 430 oud
265 370 332 430 seul
358 390 409 430 ore
435 370 500 430 tort
526 369 564 446 of
583 379 690 429 nature
717 370 756 446 os
775 371 873 447 body;
897 369 954 445 for

136 469 173 548 (i)
197 469 263 546 they
285 469 357 528 douc
379 468 469 544 cffoels
495 490 535 528 ou
562 468 607 527 rte
630 468 704 546 body
726 469 820 528 which
843 471 954 528 involve

135 571 145 600 ⁴
156 566 258 638 touct,'
278 566 343 625 ared
360 564 407 644 (‘’)
428 565 475 625 tle
501 565 590 624 mind
609 565 801 644 oywupottizes
818 567 889 626 wille
909 565 953 624 the

136 663 219 740 body,
230 662 313 721 roden
324 661 475 720 wouodcd

96 779 182 838 Haec
198 779 300 837 eedem
322 778 399 837 ratio
417 785 557 836 naturum
574 778 667 836 animi
685 783 777 855 atque
794 776 906 836 animai

56 893 225 951 corpoream
243 873 330 932 docet
345 893 408 932 esse
417 895 426 949 ;
444 874 497 931 ubi
513 873 593 933 enim
611 874 774 950 propellere
790 874 930 946 membra,

57 971 203 1048 corripere
220 991 258 1030 ex
273 989 376 1030 somno
396 989 501 1047 corpus
522 977 697 1048 mutareque
715 971 833 1029 vultum

56 1079 147 1150 atque
166 1072 316 1131 hominem
337 1079 434 1130 totum
455 1091 555 1148 regere
577 1091 611 1129 ac
634 1090 752 1130 versare
774 1071 904 1143 videtur,

57 1188 183 1247 quorum
206 1171 251 1228 nil
272 1170 337 1228 fieri
359 1170 423 1228 sine
446 1175 531 1228 tactu
555 1188 639 1246 posse
663 1170 798 1228 videmus
894 1170 951 1228 165

57 1289 111 1328 nec
133 1275 248 1327 tactum
269 1286 356 1344 porro
377 1266 442 1324 sine
463 1285 592 1343 corpore,
614 1285 712 1323 nonne
732 1265 917 1324 fatendumst

56 1385 196 1443 corporea
218 1370 326 1421 natura
344 1364 477 1420 animum
499 1370 635 1422 constare
659 1363 867 1442 animamqusl

57 1469 209 1541 praeterea
229 1462 342 1539 pariter
364 1461 450 1537 fungi
471 1481 538 1518 cum
562 1479 682 1537 corpore
705 1465 817 1519 etune

57 1559 223 1618 consentire
243 1558 375 1616 animum
398 1557 484 1617 nobis
506 1558 539 1615 in
563 1576 683 1635 corpore
707 1557 811 1618 cernis

57 1659 83 1716 si
106 1657 205 1715 minus
225 1657 348 1715 offendit
371 1656 466 1713 vitem
487 1657 533 1714 vis
554 1656 675 1714 horrida
695 1656 750 1714 toli
896 1653 954 1715 1⁷0

56 1755 171 1813 ossibus
193 1773 227 1811 ac
248 1753 348 1811 nervis
370 1752 504 1812 disclusis
526 1753 609 1810 intus
630 1753 743 1825 adacta,

56 1858 90 1911 at
112 1857 215 1910 tomen
238 1850 405 1928 insequitur
427 1850 553 1926 languor
574 1856 729 1927 terraeque
752 1849 865 1928 petitus

56 1947 164 2024 segnis,
187 1946 272 2004 etin
293 1951 375 2005 terra
397 1946 507 2004 mentis
526 1946 579 2022 qui
601 1946 736 2023 gignitur
756 1952 864 2017 aestus,

56 2045 266 2119 interdumque
288 2042 374 2120 quasi
395 2042 560 2118 exurgendi
579 2042 695 2100 ineerta
713 2042 861 2101 voluutas

56 2159 127 2217 ergo
148 2159 317 2217 corpoream
336 2144 475 2196 naturam
498 2139 592 2197 animi
613 2158 676 2197 esse
697 2146 851 2213 necessest,
896 2138 952 2197 175

55 2238 206 2315 corporeis
227 2238 366 2316 quoniam
388 2237 457 2295 telis
480 2237 602 2314 ictuque
623 2238 747 2298 loborat

55 2400 153 2460 Mind
168 2400 195 2458 e's
213 2401 361 2476 conopoeed
378 2399 419 2477 of
428 2419 497 2476 very
509 2399 604 2474 amad,
617 2398 684 2476 fine
696 2409 795 2461 atoma
840 2399 955 2459 uluis

133 2497 246 2574 proved
266 2496 302 2578 (i)
320 2498 357 2573 by
376 2497 414 2555 ite
431 2497 523 2572 epeed,
545 2496 623 2555 sium
645 2496 743 2572 theopo
763 2495 857 2554 which
876 2514 955 2555 reove

139 2592 250 2670 ewcflly
267 2593 330 2653 and
350 2592 466 2669 rwdc'ly
488 2613 540 2651 ure
562 2612 594 2651 so
615 2593 767 2670 compoeed
812 2592 955 2668 Compare

138 2691 312 2750 water-ami
337 2689 963 2768 loney‚odeopofetonceocedomqf

136 2807 238 2865 poppy
249 2788 320 2846 seed.

98 2894 132 2954 Is
151 2894 208 2951 tibi
228 2913 308 2951 nunc
325 2893 442 2951 animus
466 2893 548 2971 quali
571 2894 613 2952 sit
632 2912 752 2971 corpore
774 2899 805 2951 et
827 2893 906 2952 unde

56 2991 228 3050 constiterit
248 3010 368 3068 pergam
389 2990 535 3050 rationem
556 2991 679 3050 reddere
697 2991 791 3050 dictis

56 3084 204 3164 principio
226 3104 289 3143 esse
312 3085 360 3143 aio
384 3086 577 3164 persuptilem
593 3093 684 3163 atque
706 3086 829 3145 minutis

56 3201 202 3260 perquam
222 3182 392 3258 corporibus
410 3182 524 3241 tactum
537 3188 679 3241 constare
703 3183 735 3240 id
747 3182 792 3241 ite
805 3202 867 3242 esse
896 3183 954 3241 180

56 3277 130 3336 hino
150 3277 221 3335 licet
243 3277 381 3336 advertas
402 3278 534 3337 animum
553 3282 589 3336 ut
608 3297 779 3355 pernoscere
799 3279 913 3357 possis:

55 3374 104 3435 nil
127 3374 201 3433 adeo
221 3375 288 3434 fieri
311 3375 400 3434 celeri
418 3376 534 3434 ratione
555 3377 684 3454 videtur,
