2198 3764
60 3494 98 3535 Ι.

143 226 162 296 4
498 224 690 293 decenn]

144 393 235 453 quare
255 372 359 451 religio
378 373 503 451 pedibus
523 373 656 432 subiecta
675 373 806 432 vicissim

142 472 298 550 optentur,
318 490 374 530 nos
393 477 540 548 exaequat
560 470 684 529 victoria
704 471 792 530 caele.

143 627 186 688 To
200 646 302 708 muscae
319 625 456 701 Reliyion
473 625 501 684 is
517 645 556 685 uc
575 625 683 686 mimo:
703 625 751 685 sue
768 644 871 684 causes
883 624 998 699 mimae,
1013 646 1048 685 aa

386 723 422 782 iu
436 724 481 782 tlte
495 742 557 782 cuce
571 721 608 797 os
614 722 797 800 kaiqcccc'u.

181 836 263 896 Illud
282 832 315 894 in
334 835 383 894 his
401 837 489 896 rebus
509 856 620 911 vereor,
642 856 680 895 ne
700 836 778 898 forte
798 839 893 898 rearis
1007 839 1048 899 80

142 934 224 1012 inpia
244 942 275 994 te
295 934 420 993 rationis
439 934 516 992 inire
536 934 683 993 clementa
702 935 842 1012 viamque

142 1033 299 1109 indugredi
317 1032 441 1092 sceleris
484 1032 563 1109 quod
583 1037 686 1091 contra
706 1032 823 1108 saepius
843 1031 897 1092 illa

143 1129 245 1206 religio
265 1116 379 1207 peperit
399 1128 541 1189 scelerosa
561 1134 650 1204 atque
670 1127 763 1206 impie
782 1128 870 1190 facta.

144 1224 254 1284 Aulide
274 1245 333 1303 quo
353 1233 438 1302 pacto
458 1225 571 1284 Triviai
590 1224 716 1300 virginis
736 1243 819 1283 aram

144 1319 328 1401 Iphianassai
348 1329 509 1402 turparunt
528 1323 673 1400 sanguine
693 1323 779 1381 foede
893 1328 897 1334 “
1009 1325 1048 1385 85

144 1420 281 1479 ductores
301 1420 441 1492 Danaum
461 1418 576 1491 delecti,
599 1418 696 1496 prima
719 1419 859 1480 virorum.
925 1475 927 1479 .

144 1516 193 1574 cui
211 1511 303 1574 'simul
326 1514 422 1573 infula
443 1514 592 1590 virgineos
616 1513 797 1572 circumdata
819 1519 957 1592 comptus

145 1635 184 1674 ex
204 1621 332 1690 utraque
352 1616 417 1690 pari
438 1614 583 1670 malarum
606 1619 692 1689 parte
713 1613 868 1690 profusast,

145 1721 176 1771 et
197 1719 342 1770 maestum
366 1711 455 1770 simul
476 1717 547 1769 ante
571 1730 637 1769 aras
661 1712 778 1769 adstare
801 1717 957 1790 parentem

146 1809 238 1866 sensit
259 1813 290 1866 et
313 1808 392 1865 hunc
413 1814 535 1886 propter
554 1807 667 1866 ferrum
690 1806 783 1866 celare
804 1807 959 1867 ministros
1011 1808 1048 1868 90

146 1912 324 1986 aspectuque
344 1924 398 1965 suo
417 1904 552 1963 lacrimas
573 1903 724 1961 effundere
744 1903 827 1976 civis,

147 2012 231 2065 muta
252 2011 335 2064 metu
359 2010 468 2062 terram
491 2003 616 2080 genibus
637 2002 793 2060 summissa
815 2004 946 2079 petebat.

147 2123 201 2163 nec
223 2103 347 2162 miserae
368 2101 503 2178 prodesse
524 2101 557 2158 in
576 2100 632 2158 teli
651 2106 784 2176 tempore
804 2101 909 2177 quibat

147 2201 226 2279 quod
248 2201 346 2279 patrio
364 2199 498 2276 princeps
520 2197 646 2255 donarat
666 2198 786 2256 nomine
809 2217 925 2273 regcm3

147 2319 217 2357 nam
230 2297 347 2357 sublata
357 2295 455 2353 virum
466 2295 603 2352 manibus
614 2293 861 2371 tremibundaque
871 2295 910 2353 ed
921 2315 990 2355 aras
1012 2295 1048 2356 95

148 2395 310 2468 deductast,
331 2411 392 2450 uon
411 2397 448 2449 ut
466 2391 604 2449 sollemni
623 2410 704 2449 more
724 2410 875 2450 sacrorum

148 2494 285 2572 perlecto
297 2497 396 2570 posset
417 2491 495 2550 claro
519 2490 654 2550 comitari
675 2491 860 2566 Hymenaeo,

149 2592 200 2650 sed
223 2596 303 2650 cesta
323 2590 434 2648 inceste
457 2589 590 2647 nubendi
611 2594 743 2665 tempore
766 2588 886 2666 inipso

148 2689 244 2748 hostia
265 2688 432 2747 concideret
454 2693 588 2745 mactatu
609 2694 722 2745 maesta
746 2688 888 2766 parentis,

149 2785 248 2843 exitus
269 2790 305 2844 ut
326 2784 414 2845 classi
434 2783 509 2842 felix
529 2784 703 2862 faustusque
726 2785 854 2845 daretur.
994 2787 1050 2848 100

149 2887 268 2941 tantum
288 2882 392 2959 religio
411 2883 511 2960 potuit
530 2883 653 2941 suadere
673 2883 825 2943 malorum.

150 3041 254 3101 Aluum
263 3043 370 3102 caused
379 3043 416 3120 by
426 3042 497 3102 tales
507 3043 545 3120 of
551 3044 663 3104 curcul
670 3046 869 3122 punishment,
872 3045 963 3121 from
973 3049 1051 3127 iuno

150 3159 238 3201 rauce
251 3137 289 3213 os
294 3149 401 3198 cataro
414 3138 452 3214 os
457 3140 502 3200 tlte
511 3141 583 3202 ocul.
610 3141 743 3202 Tuccia
756 3143 843 3202 about
856 3143 889 3204 it.
920 3145 1049 3206 Eucriuu.

191 3261 330 3319 Tutemet
350 3280 369 3319 a
387 3262 473 3320 nobis
493 3262 552 3321 iam
573 3264 678 3341 quovis
698 3271 830 3342 tempore
849 3272 959 3326 vatum

152 3358 320 3437 terriloquis
339 3358 437 3420 victus
457 3360 545 3420 dictis
564 3361 722 3421 desciscere
741 3381 873 3440 quaeres.
