2198 3764
458 208 592 271 LIBER
619 210 648 272 I.
986 214 1005 272 5

100 355 212 434 quippe
232 353 343 415 etenim
365 360 454 433 quem
478 357 575 416 mults
595 356 652 417 tibi
672 357 732 416 inni
750 357 861 436 fingere
879 365 1005 436 possunt

99 453 215 512 somnio
235 472 312 530 quae
334 453 416 512 vitoe
439 455 569 513 rationes
591 461 708 513 vertere
731 456 847 532 possint
944 457 1001 514 105

99 551 296 628 fortunasque
317 556 385 610 tuas
406 552 504 610 omnis
526 552 649 611 turbere
671 552 797 612 timore!

58 648 61 653 ’
100 655 134 708 et
152 649 259 708 merito
269 666 279 723 3
305 668 375 707 nem
395 650 422 707 si
438 656 551 712 *eertum
572 650 661 708 finem
681 669 745 709 esso
764 650 904 709 viderent

99 766 309 804 aerumnarum
333 747 475 820 homines,
499 747 600 825 aliqua
622 748 739 806 ratione
763 748 899 806 valerent

99 842 293 920 religionibus
315 848 405 919 etque
429 843 519 901 minis
542 844 684 902 obsistere
707 849 820 903 vetum.

98 959 180 998 nuno
201 940 279 998 ustio
299 940 385 998 nulle
408 947 453 998 est
476 941 618 1013 restandi,
643 941 727 999 nullu
747 941 884 1013 facultas,
943 942 1001 1002 110

99 1035 235 1094 aeternas
258 1036 397 1113 quonium
420 1056 531 1114 poenus
552 1036 585 1095 in
609 1042 705 1096 morte
728 1037 929 1099 timendumet.

98 1133 255 1210 ignoratur
275 1133 356 1192 enim
376 1153 452 1210 quae
473 1134 644 1192 situatum
665 1132 785 1207 animai,
810 1200 820 1218 ο

98 1237 171 1287 nete
192 1229 233 1288 sit
255 1250 295 1288 en
317 1237 421 1288 eontra
441 1230 633 1288 nascentibus
651 1229 830 1303 insinuetur,

98 1333 131 1385 et
152 1326 240 1385 simul
261 1327 391 1386 intereat
412 1325 565 1384 nobiseum
587 1333 683 1384 morte
704 1325 852 1404 diremptu

98 1442 139 1482 un
155 1408 296 1482 ¹tenebras
319 1423 389 1483 Oroi
410 1424 489 1482 viset
510 1430 668 1500 vastasque
688 1421 810 1483 lacunas
941 1424 998 1484 115

98 1540 138 1579 en
166 1522 291 1598 pecudes
314 1521 387 1579 elias
410 1521 555 1579 divinitus
576 1520 709 1578 insinuet
729 1539 769 1592 se,

99 1619 215 1678 Ennius
238 1626 274 1678 ut
297 1626 398 1678 noster
420 1621 529 1677 cecinit
551 1619 603 1696 qui
627 1620 741 1696 primus
762 1638 887 1678 amoeno

98 1716 209 1775 detulit
228 1736 267 1776 ex
288 1717 435 1776 Helicone
456 1715 580 1794 perenni
601 1715 707 1774 fronde
729 1734 875 1790 eoronam,

98 1833 152 1891 per
174 1814 271 1892 gentis
294 1814 388 1872 Italas
409 1814 564 1872 hominum
587 1832 663 1890 quae
686 1810 766 1870 olere
787 1812 914 1889 olueret;

98 1909 156 1969 etsi
179 1917 330 1987 praeterea
352 1917 454 1968 tumen
473 1929 536 1968 esse
556 1908 723 1967 Acherusio
744 1909 855 1986 temple
942 1910 999 1968 120

98 2007 218 2065 Ennius
235 2008 364 2075 aeternis
385 2008 509 2084 exponit
523 2007 657 2065 versibus
678 2006 777 2080 edens,

98 2123 159 2182 quo
175 2124 271 2182 neque
289 2110 482 2182 permaneant
497 2104 613 2162 animae
631 2122 727 2180 neque
745 2122 867 2181 corpora
887 2109 997 2177 nostre,

98 2197 152 2256 sed
173 2199 319 2276 quaedem
341 2198 501 2256 simulacra
522 2198 616 2256 modis
639 2198 784 2275 pallentis
807 2199 909 2272 miris3

97 2295 179 2355 unde
202 2297 261 2354 sibi
284 2303 418 2355 exortem
443 2316 558 2373 semper
579 2297 712 2354 florentis
734 2296 861 2355 Homeri

97 2400 308 2452 oommemoret
330 2394 457 2470 speeiem
478 2394 613 2452 lacrimas
634 2393 785 2453 effundere
808 2395 899 2453 salsas
943 2393 999 2453 125

98 2489 228 2566 coepisse
249 2496 281 2548 et
300 2509 400 2549 rerum
421 2497 559 2548 naturum
583 2490 750 2567 expendere
773 2490 868 2550 dictis.

97 2653 122 2713 J
139 2663 218 2713 must
237 2640 375 2731 eoepouud
389 2655 434 2714 tlte
446 2655 629 2732 phormiano
645 2655 684 2732 of
697 2657 806 2716 taven
822 2658 885 2716 und
904 2658 999 2718 earth:

179 2751 225 2810 tte
238 2761 343 2811 nature
357 2751 396 2828 of
402 2753 488 2812 mind
498 2755 562 2813 aud
570 2753 636 2813 seul
642 2775 655 2813 .·
670 2754 715 2814 tlte
724 2764 830 2815 nature
840 2754 879 2831 of
884 2757 1000 2817 dreame

179 2847 244 2906 aud
255 2849 447 2925 appositione.

97 2975 280 3050 quapropter
300 2972 374 3031 bene
394 2992 462 3031 eum
482 2974 598 3050 superis
619 2973 656 3033 de
676 2973 765 3032 rebus
784 2973 922 3035 habende

96 3068 185 3128 nobis
204 3074 251 3127 est
267 3069 356 3143 natio,
376 3070 447 3129 solis
466 3071 614 3149 lunaeque
633 3081 750 3131 meatus

97 3183 159 3242 qus
181 3163 257 3221 fient
279 3163 405 3238 ratione,
429 3171 461 3224 et
481 3185 542 3243 qus
564 3167 597 3224 vi
618 3184 751 3244 quaeque
772 3173 915 3243 gerentur

97 3264 132 3321 in
153 3261 250 3335 terris,
276 3268 342 3319 tum
366 3282 434 3321 oum
458 3264 563 3340 primis
584 3265 699 3323 ratione
722 3264 819 3340 sagaci
941 3265 999 3324 130

98 3359 178 3419 unde
196 3360 297 3419 enims
317 3366 407 3439 etque
428 3360 523 3421 enimi
544 3368 660 3423 eonstet
682 3368 791 3421 natura
814 3360 975 3420 videndum
984 3383 995 3438 3
