2198 3764
151 218 190 277 88
503 222 696 284 LUCBIH'I

151 383 239 441 quem
256 365 313 424 sibi
335 386 419 425 mens
438 367 504 425 fieri
525 369 665 445 proponit
685 374 717 427 et
739 368 861 428 inchoat
883 371 955 448 ipse
963 393 974 446 ;

150 461 231 520 ooius
253 481 323 538 ergo
343 463 460 521 enimus
481 482 570 541 quem
593 484 641 522 res
662 484 693 522 se
714 465 827 541 perciet
849 467 924 541 ulls,

150 566 221 617 ente
238 561 337 618 oculos
356 580 483 636 quorum
502 562 535 618 in
555 568 694 638 promptu
711 569 820 620 nature
833 563 967 624 videtur.
996 565 1053 624 185

151 659 184 712 st
204 656 283 732 quod
303 657 410 715 mobile
431 665 517 715 tanto
538 665 676 735 operest„
689 666 824 718 constare
845 662 993 719 rutundis

150 772 291 829 perquam
313 754 476 812 seminibus
495 755 584 815 debet
603 776 803 834 perquamque
820 759 959 831 minutis,

151 850 279 908 momine
299 851 345 908 uti
364 869 457 928 pervo
475 852 592 928 possint
611 854 730 929 inpulso
748 854 869 913 moveri.

151 965 278 1024 namque
297 954 434 1006 movetur
453 968 531 1025 sque
550 955 583 1008 et
601 950 720 1008 tantillo
740 951 870 1009 momine
891 951 986 1011 flutut

151 1044 260 1122 quippe
280 1045 460 1104 volubilibus
479 1046 636 1129 parvisque
656 1055 756 1106 oreste
775 1049 886 1125 figuris.
994 1049 1048 1108 100

152 1147 184 1198 st
203 1147 307 1200 eontra
326 1142 422 1200 mellis
441 1143 625 1201 constantior
643 1149 691 1202 est
708 1150 817 1202 nature

152 1243 183 1294 et
197 1237 279 1321 pigri
298 1237 401 1296 letioes
421 1238 515 1314 msgis
534 1247 567 1297 et
585 1242 774 1299 cunctantior
793 1248 897 1316 sotus3

151 1333 254 1392 haeret
273 1334 352 1392 enim
372 1335 452 1392 inter
471 1354 503 1393 se
522 1337 616 1412 magis
636 1337 732 1394 omnis
751 1339 890 1396 materiai

151 1432 245 1508 eopia,
265 1431 406 1490 nimirum
427 1432 497 1508 quie
516 1451 578 1490 non
596 1438 659 1490 tum
679 1433 795 1492 levibus
814 1439 902 1492 extet

152 1528 322 1606 corporibus
339 1547 435 1603 neque
452 1532 515 1584 tum
533 1528 693 1605 suptilibus
710 1534 801 1605 etque
817 1528 970 1586 rutundis
993 1529 1044 1586 105

151 1646 279 1704 nemque
298 1627 454 1702 papaveris
473 1646 546 1685 aurs
565 1633 664 1703 potest
683 1645 825 1703 suspense
844 1627 981 1704 levisque

152 1742 254 1800 eogere
273 1728 310 1780 ut
328 1723 367 1780 eb
386 1741 501 1781 summo
520 1724 578 1782 tibi
596 1724 713 1783 diffluet
732 1724 812 1782 sltus
831 1743 959 1782 acervus
963 1744 973 1797 ;

152 1823 185 1875 st
204 1822 308 1874 eontra
326 1815 458 1894 lepidum
479 1818 644 1876 oonleotum
663 1819 727 1894 ipse
747 1817 829 1876 euru'
848 1837 969 1879 movere

152 1933 250 1972 noenu
269 1919 375 1991 potest
404 1914 497 1990 igitur
515 1916 691 1992 parvissima
710 1935 832 1993 oorpore
851 1934 997 1994 proquam

152 2018 184 2069 et
203 2010 353 2069 levissime
373 2016 453 2082 sunt,
471 2011 516 2069 ita
537 2012 703 2071 mobilitate
722 2013 881 2085 fruuntur3
992 2011 1044 2071 200

152 2114 186 2168 st
206 2115 309 2168 contre
331 2128 531 2185 quaecumque
552 2110 646 2186 magis
665 2129 733 2167 oum
754 2109 885 2186 pondere
905 2127 1015 2186 magno

152 2226 313 2284 asperaque
332 2207 535 2278 inveniuntur,
556 2226 591 2264 eo
610 2207 744 2265 stabilita
764 2206 858 2282 magis
880 2212 963 2266 sunt.

152 2322 232 2360 nuno
252 2303 346 2379 igitur
366 2301 505 2378 quoniam
527 2310 566 2359 est
586 2301 685 2358 enims
705 2305 814 2358 nature
834 2304 957 2375 reperte

153 2399 270 2458 mobilis
290 2398 413 2474 egregie,
435 2415 577 2474 perquam
599 2403 733 2455 oonstsre
753 2400 902 2453 neeessest

152 2496 323 2574 corporibus
342 2495 443 2572 parvis
466 2501 497 2553 et
516 2495 632 2553 levibus
653 2499 743 2571 etque
763 2491 906 2549 rutundis
994 2493 1048 2550 205

153 2613 229 2671 quse
247 2592 305 2649 tibi
324 2591 442 2667 cognita
463 2610 511 2649 res
531 2592 564 2647 in
583 2590 695 2660 multis,
715 2607 733 2646 o
754 2588 840 2659 bone,
859 2587 953 2646 rebus

153 2691 238 2749 utilis
257 2689 428 2747 invenietur
448 2694 480 2747 et
500 2693 667 2764 opportune
688 2684 807 2743 eluebit

155 2856 202 2936 (ii)
222 2855 451 2916 Dentis-which
471 2855 548 2914 takes
565 2875 651 2931 away
668 2853 755 2912 mind
771 2852 835 2911 and
853 2853 1053 2916 seul-lewes

214 2949 274 3013 tlte
293 2955 367 3031 body
394 2964 445 3012 sot
478 2954 604 3030 sensibly
630 2952 742 3030 liptter.
793 2953 825 3011 It
858 2953 888 3012 is
917 2955 992 3032 osb
1016 2977 1054 3016 on

214 3070 324 3121 aroma,
346 3070 365 3108 a
377 3048 502 3126 flavour
520 3069 602 3124 porte.

154 3164 226 3224 heeo
245 3183 361 3241 quoque
380 3183 427 3220 res
447 3163 538 3220 etiem
560 3168 699 3220 naturam
720 3161 840 3221 dedicet
862 3166 941 3243 eius,

155 3280 243 3339 quem
263 3259 348 3317 tenui
369 3263 484 3317 constet
504 3264 626 3316 texture
645 3277 791 3335 quemque
812 3259 879 3321 loeo
901 3283 939 3324 se

156 3358 306 3418 contineat
325 3374 426 3434 parvo,
445 3355 472 3413 si
490 3357 584 3433 possit
603 3355 823 3432 conglomerent,
1001 3364 1056 3423 210
