2198 3764
439 206 568 268 LIBER
593 207 661 270 III.
953 213 993 273 03

99 353 179 429 quod
198 372 292 429 genus
311 373 328 413 e
347 353 446 413 thuris
465 354 578 432 glaebis
597 356 725 416 evellere
744 357 862 418 odorem

99 450 180 511 hand
199 450 288 510 facile
306 456 354 510 est
373 452 447 528 quin
466 452 597 512 intereat
615 460 726 513 netura
745 474 862 533 quoque
882 456 953 515 eius

99 547 141 606 sic
161 547 254 605 animi
273 551 365 625 atque
384 547 500 607 enimse
519 555 658 609 naturam
679 571 799 629 corpore
818 559 883 611 tcto

99 645 255 705 extrahere
268 645 344 704 haut
355 645 443 705 facile
456 653 502 706 est
515 647 588 725 quin
601 648 701 707 omnia
715 649 923 709 dissoluantur.
937 650 996 711 330

99 745 229 822 inplexis
248 745 293 803 ite
313 745 468 823 principiis
487 747 526 804 ab
547 747 661 824 origine
680 748 779 825 prima

98 841 179 899 inter
199 860 231 900 se
250 842 330 924 siunt
349 842 480 901 consorti
503 843 641 920 praedite
662 844 736 918 vita,

98 958 154 997 nec
173 938 232 997 sibi
254 958 389 1016 quaeque
410 939 475 998 sine
498 939 622 1000 alteriue
644 941 676 999 vi
697 961 782 1018 posse
802 941 924 1001 videtur

98 1035 231 1112 corporis
250 1043 341 1113 atque
359 1037 454 1094 enimi
474 1055 605 1095 seorsum
625 1038 736 1097 sentire
755 1043 894 1116 potestas,

98 1134 151 1192 sed
170 1134 376 1193 communibus
395 1134 475 1192 inter
494 1152 545 1192 eas
565 1134 713 1192 conflatur
732 1135 884 1213 utrimque
938 1135 996 1193 335

99 1230 230 1289 motibus
250 1249 390 1289 accensus
410 1230 497 1290 nobis
516 1250 570 1308 per
592 1231 706 1290 viscera
727 1251 837 1292 sensus

97 1331 252 1404 praeterea
271 1346 377 1403 eorpus
396 1345 450 1404 per
469 1345 500 1385 se
520 1346 576 1385 nec
595 1327 730 1404 gignitur
748 1346 891 1405 umquem

99 1443 154 1482 nec
176 1423 281 1482 crescit
299 1442 396 1501 nequa
417 1430 484 1501 post
505 1431 630 1483 mortem
652 1424 761 1483 durare
784 1425 911 1484 videtur.

98 1542 160 1581 non
182 1521 269 1594 enim,
294 1528 331 1579 ut
351 1541 437 1580 umor
458 1541 551 1599 aquae
575 1522 703 1582 dimittit
724 1542 812 1600 saepe
835 1540 975 1600 vaporem

99 1619 152 1697 qui
175 1618 264 1677 datus
285 1625 339 1690 est,
363 1637 459 1695 neque
482 1638 518 1677 ea
538 1638 628 1677 eausa
649 1619 828 1679 convellitur
846 1619 919 1696 ipse,
938 1618 998 1677 ³40

99 1716 151 1774 sed
175 1721 277 1774 manet
296 1715 462 1787 incolumis,
486 1735 555 1788 non,
580 1715 711 1792 inquem,
735 1715 778 1773 sic
798 1715 910 1774 enimsi

100 1813 258 1872 discidium
279 1821 404 1891 possunt
425 1819 510 1872 artus
531 1813 663 1890 perterre
686 1813 792 1886 relicti,

99 1909 152 1968 sed
173 1911 293 1987 penitus
313 1915 440 1987 pereunt
463 1909 598 1968 convulsi
622 1928 734 1987 conque
757 1915 941 1987 putrescunt.

99 2027 139 2066 ex
158 2007 281 2066 ineunte
302 2027 376 2065 aevo
400 2006 442 2064 sic
463 2007 593 2084 corporis
617 2013 708 2085 atque
729 2006 841 2066 animai

99 2111 206 2164 mutua
229 2105 330 2164 vitalis
351 2105 471 2162 discunt
491 2104 629 2181 contegis
651 2111 750 2163 motus
938 2106 996 2162 345

99 2201 242 2263 maternis
262 2203 353 2260 etiam
374 2201 513 2261 membris
536 2201 662 2279 alvoque
683 2206 811 2278 reposta,

99 2300 255 2358 discidium
275 2308 310 2357 ct
329 2305 458 2376 nequeat
476 2298 543 2357 fieri
562 2299 626 2357 sine
645 2309 729 2377 peste
749 2301 884 2377 maloque
894 2319 903 2374 3

99 2401 137 2453 ut
155 2395 265 2467 videas,
287 2394 426 2472 quoniam
447 2394 635 2452 coniunctast
654 2412 742 2453 cause
763 2395 876 2466 salutis,

99 2490 288 2549 coniunctum
309 2508 425 2568 quoqne
448 2495 587 2547 naturam
608 2491 769 2549 consistere
791 2509 901 2549 eorum.

315 2644 375 2703 ww
388 2644 462 2720 body
475 2643 573 2703 chares
586 2644 620 2703 in
632 2645 787 2706 seueriore

141 2773 227 2845 Quod
244 2780 387 2852 superest,
404 2775 497 2851 siquis
517 2793 623 2851 eorpus
643 2775 753 2834 sentire
770 2774 884 2832 refutat
937 2774 996 2833 350

98 2878 191 2950 atque
212 2873 341 2931 animam
365 2873 460 2931 credit
480 2873 658 2949 permixtam
682 2891 802 2950 corpore
825 2879 890 2930 toto

99 2971 247 3046 suscipere
270 2971 349 3029 hunc
370 2978 484 3029 motum
507 2990 594 3048 quem
619 2991 738 3030 sensum
761 2972 980 3045 nominitamus,

98 3068 147 3124 vel
171 3067 342 3125 manifestas
355 3086 403 3125 res
424 3074 527 3126 contre
547 3086 689 3144 verasque
709 3071 865 3144 repugnat.

98 3164 173 3242 quid
196 3165 237 3222 sit
254 3165 334 3222 enim
351 3184 458 3242 corpus
473 3165 585 3223 sentire
606 3166 672 3242 quis
691 3165 807 3224 edieret
823 3185 973 3243 umquem,

99 3260 127 3319 si
144 3279 205 3317 non
224 3261 289 3335 ipsa
306 3260 404 3335 pelam
425 3260 503 3337 quod
522 3280 569 3318 res
582 3260 666 3318 dedit
679 3280 713 3318 ec
727 3260 829 3320 docuit
841 3263 915 3320 nost
935 3262 993 3319 350

99 3362 134 3414 st
157 3355 278 3413 dimissa
301 3356 400 3414 sunna
420 3375 527 3432 corpus
548 3361 630 3416 caret
650 3357 781 3434 undique
804 3376 892 3415 sensu
902 3376 912 3430 5
