2198 3764
442 211 576 273 Mass
600 212 647 273 IL
956 213 994 271 63

98 357 252 418 dissimilis
268 359 353 433 ratio,
372 363 458 418 16616
478 366 524 418 est
541 360 575 419 in
590 361 717 420 flumine
731 380 854 439 quoque.

98 456 170 515 hinc
186 476 275 535 porro
297 457 433 534 quamvis
451 459 634 517 animantem
650 477 691 517 ex
710 459 849 517 omnibus
865 479 953 518 amur

99 572 167 612 ossa
189 573 277 612 cruor
295 573 389 613 venae
405 554 486 613 calor
504 573 590 613 umor
610 554 723 612 viscere
740 556 826 613 nervi
936 557 1006 624 670,

50 650 308 723 ⁵7oconstituunt3
334 670 411 728 6666
433 657 505 710 sunt
522 670 611 728 porro
626 651 769 711 distantia
789 652 883 731 longe,
922 676 924 680 ¹

100 747 238 806 dissimili
260 747 393 826 perfecta
415 749 511 826 figura
527 749 749 827 principiorum.

99 849 166 902 tum
183 863 272 922 porro
289 864 491 922 quaecumque
512 845 576 922 igni
596 846 748 905 flammata
763 851 939 918 cremantur,

99 943 126 1000 si
144 943 189 1001 nil
211 949 372 1020 praeterea,
391 950 493 1003 tumen
510 944 583 1003 hoec
604 945 638 1003 16
659 964 781 1022 corpore
800 947 931 1004 condunt

99 1038 180 1098 unde
197 1038 295 1116 ignem
314 1039 410 1099 iacere
431 1041 582 1100 etlumen
601 1043 788 1100 summittere
806 1043 922 1119 possint
935 1043 993 1102 675

50 1155 87 1204 ⁵⁷⁵
100 1136 305 1216 scintillasque
324 1157 411 1215 egere
431 1157 466 1196 ec
483 1138 544 1198 1616
562 1139 680 1197 differre
698 1138 840 1200 favillam.

99 1239 198 1292 cetera
215 1233 362 1292 consimili
384 1233 495 1293 mentis
510 1233 627 1293 ratione
647 1253 808 1312 peragrans

98 1328 235 1388 invenies
253 1329 347 1407 igitur
365 1330 529 1389 multorum
550 1330 664 1388 semina
684 1349 785 1389 rerum

98 1445 220 1504 corpore
238 1426 333 1486 celare
355 1433 388 1486 et
405 1429 503 1488 varias
520 1427 655 1486 cohibere
675 1428 793 1504 figuras.

99 1524 228 1602 denique
240 1526 337 1584 multe
350 1527 433 1585 vides
446 1526 554 1603 quibus
565 1533 595 1585 et
605 1526 723 1585 coloret
736 1545 822 1604 sapor
834 1547 895 1585 una
935 1527 993 1585 680

50 1644 84 1684 56
99 1621 218 1681 reddita
239 1628 311 1682 6661
327 1642 394 1682 cum
415 1623 523 1685 odore:
549 1622 583 1682 16
606 1623 711 1701 primis
729 1623 869 1700 pleraque
887 1623 971 1682 dona

99 1720 173 1778 haec
191 1720 285 1798 igitur
305 1722 397 1781 variis
419 1721 529 1781 debent
551 1725 686 1780 constare
703 1721 807 1798 figuris
815 1742 825 1796 3

98 1816 188 1874 nidor
207 1816 288 1874 enim
305 1824 444 1894 penetret
463 1837 523 1895 qua
542 1817 629 1876 fucus
650 1835 712 1875 non
732 1817 759 1875 it
783 1816 817 1875 in
834 1822 926 1890 crtus,
1013 1819 1019 1832 '

98 1915 186 1971 sucus
205 1913 279 1973 item
297 1933 420 1988 sorsum,
438 1934 553 1974 sorsum
573 1934 660 1991 sapor
677 1914 849 1973 insinuatur
867 1934 869 1939 ·

99 2010 235 2070 sensibus
244 2031 256 2086 3
282 2017 319 2070 61
338 2031 442 2072 noscas
466 2012 570 2090 primis
590 2013 709 2071 differre
728 2012 840 2089 figuris
935 2011 993 2071 685

98 2107 256 2168 dissimiles
276 2109 370 2187 igitur
387 2110 500 2169 formes
521 2109 721 2186 glomeramen
740 2109 775 2166 in
793 2127 889 2167 uuum

98 2205 282 2264 conveniunt
301 2211 332 2265 et
353 2225 401 2265 res
421 2206 571 2283 permixto
593 2205 705 2264 semine
724 2209 869 2266 constant.

98 2303 174 2380 quin
196 2303 287 2362 etiam
310 2303 420 2379 passim
439 2303 548 2362 nostris
569 2302 603 2362 16
624 2302 757 2362 versibus
778 2303 851 2380 ipsis

98 2399 197 2458 multa
217 2399 364 2459 elementa
383 2400 467 2458 vides
485 2399 589 2459 multis
610 2399 778 2458 communie
797 2398 903 2472 verbis,

98 2515 167 2557 cum
180 2501 282 2554 tamen
295 2496 374 2554 inter
392 2516 424 2555 se
437 2515 540 2555 versus
553 2516 588 2554 66
601 2497 691 2555 verba
704 2514 821 2554 necesse
834 2501 881 2554 est
934 2494 992 2554 690

98 2592 257 2652 confiteare
280 2593 340 2652 elia
360 2612 399 2651 ex
419 2594 486 2652 eliis
508 2599 643 2651 constare
661 2592 815 2650 elementis
824 2612 834 2666 3

97 2711 161 2750 non
181 2709 240 2769 quo
261 2691 359 2749 multa
376 2711 483 2771 parum
503 2691 667 2750 communis
685 2691 787 2749 littera
806 2695 907 2748 currat

97 2794 153 2846 661
173 2787 258 2846 66116
280 2788 361 2846 iuter
380 2807 412 2848 se
431 2788 491 2848 duo
512 2790 575 2848 sint
591 2808 630 2848 ex
655 2787 793 2847 omnibus
811 2786 913 2860 isdem,

97 2884 150 2942 sed
168 2884 240 2960 quie
259 2903 320 2943 non
337 2885 424 2962 volgo
444 2885 529 2963 paria
546 2885 684 2943 omnibus
701 2882 801 2942 omnia
820 2887 963 2941 constent

97 2981 142 3041 sic
162 2980 230 3039 61116
249 2980 283 3041 16
302 2983 391 3040 rebus
413 2983 487 3041 item
504 2983 672 3041 communie
692 2980 788 3040 multa
935 2981 992 3040 695

97 3079 261 3138 multarum
279 3099 379 3138 rerum
400 3100 467 3140 cum
484 3081 546 3139 sint
563 3078 733 3158 primordia,
752 3096 857 3136 verum

97 3175 236 3235 dissimili
256 3182 358 3235 16666
380 3177 461 3236 inter
483 3196 514 3237 66
538 3179 698 3238 consistere
718 3195 835 3235 summa

97 3280 232 3352 6666661,
253 3281 291 3331 61
306 3275 414 3334 merito
437 3294 483 3336 ex.
496 3275 565 3334 aliis
585 3282 722 3335 constare
742 3274 859 3333 teratur

97 3372 262 3437 humanum
282 3391 376 3451 genus
397 3378 429 3432 et
450 3373 551 3450 fruges
567 3373 748 3450 arbustaque
768 3372 855 3431 loeta.
