2198 3764
445 209 579 272 LIBER
604 210 652 274 ΙΙ.
961 215 999 276 61

103 355 271 435 muralique
290 364 383 434 oeput
401 375 550 417 summum
571 357 692 416 cinxere
711 374 828 428 sororis,
854 382 869 417 ⁴z
972 392 974 396 >

102 453 222 513 eximiis
242 455 360 514 munite
378 454 450 514 loeis
469 455 541 532 quis
559 454 690 516 sustinet
707 453 815 526 urbes3
877 482 881 488 ·

102 568 163 628 quo
182 570 262 612 nuno
282 551 394 630 insigni
413 571 468 630 per
487 568 611 630 magnes
629 551 766 630 praedite
785 556 880 610 terres

102 647 239 706 horrifioe
257 647 356 708 feitur
375 648 497 708 divinoe
517 648 622 707 metris
640 649 747 726 imago.

103 743 180 802 huno
200 745 301 803 verine
319 752 424 822 gentes
444 744 570 822 antiquo
588 764 671 804 more
690 764 841 822 seororum
920 745 999 811 ,610

104 841 225 900 Idaeam
245 843 381 902 vocitent
400 849 528 902 matrem
547 837 753 921 Phrygiasque
772 847 907 902 ostervse

102 937 179 996 dent
196 939 328 1013 oomites,
349 940 421 1017 quis
439 939 569 1017 primum
589 958 629 998 ex
647 939 708 998 illis
727 939 838 1000 finibus
856 939 951 998 edunt

103 1052 157 1112 per
175 1040 323 1094 terrerum
343 1036 445 1094 orbem
465 1037 564 1114 fruges
584 1035 715 1113 ooepisse
735 1036 836 1095 creari.

102 1132 196 1209 gallos
215 1134 397 1207 attribuunt,
418 1134 497 1211 quis,
518 1128 631 1193 numen
650 1132 703 1210 qui
722 1132 867 1192 violsiint

102 1228 207 1287 menis
226 1236 259 1289 et
276 1229 389 1308 ingrati
407 1229 593 1307 genitoribus
611 1228 729 1288 inventi
746 1228 817 1301 sint,
938 1227 996 1287 616

101 1326 268 1403 significare
287 1327 395 1386 volunt
414 1327 553 1406 indignos
571 1345 636 1386 esse
655 1325 816 1404 petendos,

101 1423 202 1482 vivom
222 1424 392 1502 progeniem
411 1423 464 1502 qui
483 1425 516 1483 in
535 1443 602 1483 ores
620 1421 745 1482 luminis
763 1418 862 1480 edunt

88 1527 245 1600 ‚tympana
263 1529 350 1582 tento
367 1528 477 1583 tonent
495 1522 603 1602 palmis
621 1528 654 1581 et
672 1520 812 1600 eymbsls
828 1520 938 1579 1111111111
985 1547 988 1553 ·

101 1639 240 1693 concess,
260 1620 472 1698 raucisonoque
491 1620 646 1678 minentur
665 1636 777 1677 oornus
795 1624 894 1690 sento,
947 1645 950 1651 ·

100 1720 134 1775 et
153 1716 286 1794 Phrygio
304 1700 442 1776 stimulet
460 1735 584 1776 numero
602 1735 676 1774 osvo
695 1714 772 1774 tibin
790 1714 907 1788 mentis,
937 1714 996 1774 620

101 1813 219 1892 teloque
238 1821 432 1894 praeportsnt
450 1814 575 1873 violenti
594 1814 679 1892 signs
697 1811 817 1886 fusoris,
986 1840 988 1844 ’

100 1911 233 1988 ingratos
252 1911 368 1970 enimes
386 1916 478 1990 etque
496 1912 591 1990 impis
609 1919 731 1990 pentorn
750 1911 832 1989 volgi
950 1959 953 1964 .

101 2012 270 2066 conterrere
289 2014 373 2066 metu
391 2027 469 2085 quse
487 2009 605 2087 possint
624 2007 749 2067 numini’
768 2009 865 2067 divae.

99 2121 170 2179 ergo
190 2121 257 2161 oum
277 2103 407 2180 primum
427 2123 550 2180 mugnus
568 2103 689 2163 inveots
707 2123 761 2181 per
779 2105 863 2163 urbis

100 2199 255 2261 munificet
273 2192 370 2259 tsoits'
385 2202 520 2261 mortalis
538 2207 625 2260 mute
644 2201 750 2276 salute,
934 2201 992 2261 625

99 2316 166 2356 sere
185 2304 276 2377 etque
295 2305 419 2378 urgento
438 2305 583 2359 sternunt
598 2301 657 2358 iter
675 2318 763 2359 omne
781 2297 898 2357 vietum

99 2395 232 2473 lsrgifioe
250 2397 329 2474 stipe
348 2398 481 2456 ditantes
501 2398 688 2475 ninguntque
707 2415 841 2457 rostrum
899 2442 902 2447 ·

99 2491 222 2550 floribus
241 2493 414 2552 umbrantes
432 2497 559 2551 mstrem
578 2492 779 2572 comitumque
798 2495 941 2576 ostensus.

98 2587 148 2646 hio
167 2595 283 2648 srmuts
301 2607 416 2662 menos,
438 2589 563 2650 Curetes
583 2589 704 2648 nomine
723 2585 797 2648 Grai
853 2600 856 2607 ’
919 2611 925 2620 ·

98 2703 172 2762 qnos
185 2693 351 2745 memorent
358 2686 511 2765 Phrygios,
522 2687 602 2745 inter
609 2704 640 2745 se
649 2685 727 2744 forte
736 2682 817 2762 qood
827 2684 920 2744 armis
934 2685 992 2743 630

97 2781 208 2841 ludunt
227 2784 260 2842 in
279 2803 495 2863 numerumque
514 2785 655 2844 exultent
673 2782 894 2862 sanguinolenti

97 2878 242 2936 terrifices
262 2879 395 2957 oepitum
414 2879 584 2957 quatientes
603 2881 727 2938 numine
745 2878 861 2952 existas,

96 2973 238 3032 Dictaeos
257 2976 394 3035 reiorunt
413 2975 539 3036 Curetes
557 2975 611 3054 qui
630 2976 714 3035 Iovis
732 2975 830 3034 illum*

96 3072 231 3150 vagitum
251 3073 285 3132 in
304 3071 395 3133 Orets
414 3075 561 3152 quondam
582 3074 744 3133 oooultssse
763 3074 909 3146 feruntur,

96 3190 164 3230 oum
184 3171 270 3249 pueri
290 3171 401 3231 eii-oum
420 3191 545 3249 puerum
564 3173 683 3250 pernioe
702 3172 808 3231 ohores
932 3171 991 3229 636

96 3268 223 3328 ermetei
241 3269 275 3327 in
294 3288 451 3329 numerum
470 3269 625 3347 pulssrent
644 3269 762 3328 neribus
782 3287 859 3343 sere,

96 3385 135 3425 ne
155 3364 304 3424 Saturnus
322 3384 391 3424 oum
410 3366 499 3424 melis
514 3365 674 3425 manderet
692 3366 818 3444 adeptus
908 3396 912 3405 ·
960 3396 964 3403 ·
