2198 3764
408 205 542 270 LIBER?
565 208 632 271 III.
912 208 969 270 115

69 357 263 432 oonsequrtm·
283 353 345 413 leto
366 373 421 414 neo
441 354 599 432 quisquam
619 353 791 432 expergitus
811 358 919 426 exstat,

68 448 181 528 frigida
201 469 290 527 quem
314 451 405 510 semel
427 457 473 510 est
495 451 572 511 vitai
594 469 688 528 pausa
709 456 818 512 secuta.
910 453 969 512 930

105 611 187 671 Wlat
208 612 326 674 Nature
347 612 447 672 would
465 633 519 690 sap
541 622 569 674 to
591 613 636 674 tlte
656 635 728 677 moa
746 615 808 676 wlco
831 617 936 678 islotlt

185 788 191 801 .
446 719 474 771 to
498 712 552 771 die.

109 831 247 911 Denique
271 833 297 892 si
317 853 419 893 vooem
441 853 541 893 rerum
564 840 673 893 ustura
693 841 815 913 repente

66 930 172 988 mittat
192 936 224 988 et
246 930 303 989 hoo
326 931 416 989 alicui
439 937 573 990 nostrum
596 931 639 989 sie
658 930 793 1009 increpet
812 932 878 1010 ipsa

67 1027 159 1106 ‘quid
171 1028 230 1088 tibi
242 1035 329 1088 tanto
342 1035 467 1107 operest,
481 1029 624 1102 mortuiis,
638 1030 717 1107 quod
729 1031 819 1090 nimis
831 1032 927 1109 aegris

65 1124 199 1184 luctibus
220 1125 376 1204 indulgeat
399 1126 472 1204 quid
496 1133 621 1185 mortem
642 1127 792 1204 congemis
815 1147 851 1188 ao
869 1128 937 1189 desi

65 1243 138 1281 nam
163 1224 257 1301 gratis
277 1231 417 1284 anteaeta
437 1225 498 1284 fuit
519 1226 578 1285 tibi
600 1225 665 1285 vita
685 1225 823 1303 priorque
907 1225 964 1285 935

66 1326 101 1380 et
123 1341 185 1380 non
207 1323 308 1382 omnia
329 1328 484 1400 pertusum
510 1329 648 1401 congesta
669 1324 755 1401 quasi
777 1323 811 1382 in
830 1343 883 1384 vas

64 1417 219 1477 commoda
239 1420 405 1496 perfluxere
428 1424 519 1497 atque
541 1420 660 1497 ingrata
679 1419 833 1482 interiere:

64 1534 121 1574 our
139 1535 202 1575 non
221 1522 258 1575 ut
277 1517 384 1594 plenus
404 1519 487 1576 vitae
508 1517 634 1576 conviva
654 1517 766 1577 recedis

62 1631 159 1691 aequo
183 1613 340 1691 animoque
361 1614 442 1692 capis
463 1635 603 1690 securam,
626 1615 727 1688 stulte,
750 1614 907 1692 quietemi'

61 1709 113 1768 sin
132 1728 168 1768 ea
187 1729 263 1787 quae
283 1709 399 1770 fruetus
419 1731 545 1789 cumque
564 1730 596 1770 es
614 1711 728 1788 periere
747 1711 869 1788 profusa
905 1711 964 1771 940

61 1807 187 1885 vitaque
204 1809 239 1868 in
259 1809 411 1883 offensum,
434 1830 486 1869 eur
507 1809 635 1887 amplius
658 1808 766 1868 addere
787 1809 913 1886 quaeris,

61 1923 183 1963 rursum
197 1905 276 1982 quod
289 1912 393 1983 pereat
405 1905 483 1965 male
496 1912 528 1964 et
540 1905 691 1982 ingratum
704 1903 821 1963 occidat
833 1923 928 1979 omne,

60 2019 126 2060 non
147 2001 249 2079 potius
271 2003 353 2061 vitae
374 2003 464 2061 finem
486 2001 561 2060 faeie
584 2007 674 2078 atque
697 2001 825 2061 laborisi

61 2117 133 2156 nam
156 2099 214 2157 tibi
237 2106 390 2177 praeterea
410 2099 489 2177 quod
510 2099 663 2158 machiner
683 2099 902 2176 inveniamque,

61 2197 142 2275 quod
155 2199 279 2276 placeat,
292 2198 336 2257 nil
349 2205 412 2258 est:
432 2198 535 2257 eadem
548 2203 620 2256 sunt
632 2197 733 2256 omnia
745 2216 867 2274 semper.
903 2197 962 2258 945

61 2295 89 2353 si
110 2295 169 2352 tibi
190 2316 251 2355 non
274 2296 360 2354 annis
384 2314 490 2372 corpus
511 2295 572 2352 iam
595 2300 707 2352 marcet
730 2299 762 2352 et
785 2299 869 2353 artus

60 2392 191 2451 confecti
213 2394 364 2471 languent,
389 2394 491 2452 eadem
514 2399 615 2452 tamen
636 2392 736 2451 omnia
758 2398 880 2463 restant,

59 2489 162 2548 omnia
184 2491 212 2549 si
234 2510 337 2568 perges
359 2490 488 2549 vivendo
511 2490 629 2549 vincere
652 2488 757 2561 saecla,

59 2599 153 2666 atque
173 2589 264 2648 etiam
287 2589 395 2666 potius,
417 2589 445 2648 si
465 2607 628 2665 numquam
649 2588 691 2647 sis
713 2585 896 2659 moriturus,'

59 2681 134 2759 quid
158 2681 376 2758 respondemus,
400 2681 460 2740 nisi
482 2682 594 2740 iustum
616 2679 772 2738 intendere
792 2678 877 2736 litem
901 2678 968 2737 950·

58 2782 200 2835 naturam
222 2781 255 2834 et
275 2795 375 2834 veram
397 2776 496 2835 verbis
522 2795 669 2852 exponere
690 2775 826 2853 oausam?

10 2899 46 2942 ‚33
58 2873 201 2951 grandior
220 2872 270 2930 hio
294 2891 365 2931 vero
387 2871 414 2930 si
436 2871 497 2930 iam
521 2871 676 2949 seniorque
699 2875 842 2948 queratur

10 3002 45 3042 ,φ
58 2978 151 3048 atque
170 2969 285 3028 obitum
306 2970 488 3027 lamentetur
508 2969 598 3027 miser
618 2968 745 3045 amplius
768 2986 872 3046 aeque,

56 3085 121 3126 non
140 3067 248 3125 merito
266 3066 408 3125 inclamet
426 3067 521 3144 magis
541 3072 573 3124 et
591 3085 663 3125 voce
686 3067 819 3143 increpet
839 3065 917 3125 aerii

10 3181 45 3222 ue
60 3161 419 3237 ‘auferabhinolaerimns
426 3159 958 3240 balatr0‚eteempesoequerellaa955

56 3258 160 3318 omnia
180 3257 355 3335 perfunctus
376 3257 452 3316 vitai
472 3260 604 3335 praemia
624 3277 743 3318 meroes.

57 3353 111 3414 sed
124 3354 196 3433 quia
209 3373 325 3431 semper
337 3374 408 3414 aves
420 3355 500 3432 quod
513 3355 606 3427 abest,
620 3354 787 3432 praesentia
800 3353 919 3425 temnis,

800 3467 879 3526 8-2
