2198 3764
149 214 188 273 50
499 214 528 279 ,L
535 213 692 276 Uesuui

149 364 328 438 quapropter
347 379 406 437 quo
425 381 505 419 nunc
524 362 557 420 in
576 366 661 420 motu
680 361 894 440 principiorum
940 368 943 374 “

148 475 270 534 corpore
295 462 376 529 sunt,
396 457 429 515 in
450 457 553 516 eodem
574 464 645 517 ente
662 465 730 516 ecte
750 463 851 516 aetate
871 458 960 516 fuero
1005 467 1007 471 '

148 558 266 631 etpost
288 553 361 612 heco
383 573 499 631 semper
521 555 612 614 simili
631 555 749 613 ratione
763 555 911 629 ferentur,

148 657 180 707 et
202 667 278 726 quae
295 651 467 719 consuerint
485 651 568 728 gigni
588 652 749 730 gignentur
769 652 871 711 ecdem
991 653 1051 712 300

148 746 319 805 condicione
338 754 370 806 et
389 753 479 811 erunt
500 755 532 808 et
554 757 686 808 crescent
706 751 795 827 vique
816 751 991 824 valebunt,¹

148 852 293 923 quantum
314 846 420 924 cuique
443 847 546 906 dutum
567 851 614 906 'est
636 867 692 925 per
711 848 831 907 foedera
851 849 988 908 naturai.

148 963 202 1002 nec
222 963 322 1004 rerum
345 964 490 1004 summum
508 951 690 1004 commutare
713 947 775 1004 ulla
797 951 898 1024 potest
922 947 999 1020 vis;

148 1060 217 1099 nem
237 1059 342 1120 neque,
364 1062 423 1120 quo
444 1043 537 1118 possit
557 1063 651 1120 genus
672 1043 768 1101 ullum
792 1044 931 1102 materiei

149 1140 276 1218 effugere
306 1160 345 1199 ex
377 1141 468 1217 omni,
495 1141 652 1220 quicquum
685 1147 733 1200 est
761 1151 852 1217 cetra,
880 1161 985 1220 neque
1017 1143 1050 1200 in

228 1257 315 1298 omne
991 1242 1051 1298 305

148 1334 228 1395 unde
250 1341 350 1394 coortu
368 1342 459 1414 quest
478 1355 557 1395 nova
579 1335 626 1394 vis
648 1336 817 1413 inrumpere
837 1341 869 1394 et
893 1356 1017 1396 omnem

148 1439 287 1493 naturum
311 1453 410 1492 rerum
431 1439 549 1492 mutere
570 1441 601 1493 et
621 1440 737 1493 vertere
760 1441 866 1493 motus.

151 1603 210 1662 rte
227 1602 360 1662 universe
376 1623 498 1687 uppecrs
516 1613 546 1662 to
564 1603 595 1662 tc
613 1612 644 1662 ut
660 1614 723 1678 reu,
730 1603 788 1680 for
800 1603 846 1684 (l)
861 1605 907 1664 tire
922 1609 1052 1666 motione

202 1701 240 1777 of
256 1709 349 1759 atomo
364 1720 414 1758 ure
435 1700 552 1759 teneare
572 1720 628 1758 our
647 1700 711 1776 keo,
726 1702 788 1758 aud
809 1703 852 1780 (2)
873 1702 936 1760 eleis
956 1704 986 1763 ie
1007 1705 1052 1762 tlrc

201 1796 292 1856 usual
303 1795 380 1872 effect
393 1794 431 1872 cs
436 1797 573 1855 distance.

189 1911 272 1978 Illud
295 1911 328 1970 in
350 1911 398 1970 his
420 1913 511 1970 rebus
529 1932 590 1970 non
612 1918 658 1973 est
680 1913 823 1987 mirabile,
848 1933 955 1992 quare,

149 2011 249 2069 omnic
270 2029 337 2068 cum
358 2029 458 2069 rerum
479 2010 640 2087 primordia
660 2012 723 2070 sint
741 2011 775 2070 in
794 2018 888 2086 motu,

149 2127 265 2166 summa
285 2114 387 2166 tumen
408 2127 522 2167 summe
545 2108 689 2167 videatur
705 2115 786 2168 sture
804 2109 916 2186 quiete,
992 2111 1054 2170 310

149 2212 356 2286 praeterquam
376 2206 474 2283 siquid
494 2207 614 2284 proprio
634 2206 688 2265 dat
707 2226 829 2284 corpore
847 2215 961 2273 motus.

149 2303 246 2363 omnis
268 2303 348 2362 enim
369 2303 456 2380 longe
476 2306 587 2362 nostris
608 2304 647 2362 eb
669 2304 805 2362 sensibus
826 2304 911 2363 infra

149 2402 310 2482 primorum
333 2406 443 2459 nature
461 2400 558 2462 iacet:
579 2407 766 2479 quapropter,
786 2400 840 2458 ubi
859 2402 929 2478 ipsa

150 2521 269 2561 cernere
290 2501 349 2559 iam
370 2518 508 2578 nequeas,
530 2507 628 2558 motus
649 2519 765 2578 quoque
782 2518 907 2577 surpere
919 2501 1054 2571 debcnt;

149 2597 323 2678 praesertim
343 2617 419 2669 cum,
437 2616 512 2674 quae
532 2596 678 2674 possimus
700 2616 826 2671 cernere,
846 2596 950 2658 celent
995 2600 1053 2657 315

150 2714 236 2772 suepe
255 2699 358 2753 tumen
377 2700 475 2751 motus
498 2694 595 2771 spatio
615 2693 738 2752 diducta
759 2693 919 2753 locorum..
951 2768 954 2774 .

150 2813 220 2850 nam
241 2811 327 2869 saepe
348 2791 381 2849 in
401 2791 469 2849 colli
488 2790 645 2848 tondentes
665 2789 776 2868 pabula
796 2789 877 2848 lueto

151 2877 299 2966 lanigerae
319 2892 441 2966 reptant
460 2887 587 2966 pecudes
607 2905 665 2964 quo
687 2879 830 2964 quamque
850 2895 1004 2949 vocantes
1021 2877 1025 2888 ’

150 2983 284 3045 inuitant
299 2985 408 3044 herbae
428 2990 611 3062 gemmantes
632 2976 698 3042 rore
718 2982 841 3055 recenti,
1018 2978 1021 2984 ‘

151 3088 184 3142 et
204 3081 306 3140 satiati
329 3081 399 3157 ugni
419 3074 536 3138 ludunt
552 3075 719 3156 blandeque
734 3065 921 3154 'conuscantJ
997 3082 1055 3143 320

152 3180 252 3240 omnia
274 3197 350 3255 queo
366 3178 451 3236 nobis
470 3177 556 3254 longe
576 3176 700 3235 confuse
716 3175 859 3234 videntur

152 3289 185 3343 ct
204 3283 290 3341 velut
311 3281 345 3339 in
364 3279 457 3338 viridi
480 3277 590 3336 candor
610 3276 770 3335 consistere
793 3275 872 3335 colli.

150 3387 304 3465 practerea
324 3396 448 3456 magnae
468 3376 597 3455 legiones
618 3395 686 3436 cum
703 3375 767 3432 locs
790 3392 884 3434 cursu
