2198 3764
134 227 192 286 120
361 222 550 286 evomi
573 220 706 283 LIBER
733 221 799 284 III.

136 441 480 524 Wtydeairelonylife?
520 441 702 520 Ttofictwre
720 441 942 519 toillprobably
956 440 1038 516 brino

241 560 360 612 sorrow,
374 540 438 600 end
452 539 547 615 liviam
560 541 629 599 daea
639 548 690 598 noa
702 539 819 598 aeman
830 539 930 598 death

172 663 313 741 Denique
337 667 428 721 tanto
448 681 536 740 opere
558 662 593 720 in
613 661 715 721 dubiis
734 661 888 740 trepidare
910 663 1030 741 perietis

132 781 209 840 quae
229 761 308 820 mala
328 779 384 819 noe
404 761 518 838 subigit
539 761 615 819 vitai
637 766 725 819 tanta
748 759 877 836 cupido?

46 902 50 909 -
132 866 213 918 eerta
236 859 355 936 quidem
378 857 448 916 finis
471 858 552 916 vitae
574 857 750 915 mortalibus
773 856 876 914 adstat

132 973 187 1014 nee
208 955 337 1013 devitari
359 954 455 1012 letum
476 960 547 1031 pote
568 955 641 1032 quin
664 955 810 1012 obeamus,

133 1059 286 1129 praeterea
298 1071 453 1109 versamur
464 1051 576 1110 ibidem
588 1058 680 1128 atque
691 1053 826 1111 insumus
840 1072 941 1131 usque
963 1054 1037 1114 1080

133 1169 188 1208 neo
211 1169 290 1208 nova
312 1148 444 1207 vivendo
462 1149 638 1226 procuditur
658 1149 721 1207 ulla
745 1151 886 1227 voluptas
897 1171 909 1226 3

134 1246 278 1306 reddum
299 1247 384 1304 abest
404 1246 483 1323 quod
505 1264 635 1317 avemus,
658 1246 691 1304 id
714 1264 894 1324 exsuperare
920 1249 1038 1308 videtur

134 1350 249 1417 eetera;
274 1348 344 1421 poet
367 1343 452 1416 aliut,
474 1362 542 1402 eum
564 1344 692 1421 contigit
710 1345 796 1417 illud,
817 1363 945 1406 avemus

109 1450 167 1520 ‚et
187 1443 254 1502 sitis
277 1461 372 1518 aequa
394 1447 480 1500 tenet
502 1443 578 1500 vitai
601 1461 717 1520 semper
738 1442 861 1502 hiantia

135 1546 310 1619 posteraque
320 1539 353 1596 in
361 1537 481 1597 dubiost
490 1537 643 1597 fortunam
652 1559 741 1616 quam
751 1540 843 1598 vehat
855 1540 1039 1615 aetae,1085
1072 1534 1074 1538 ¹

135 1639 245 1718 quidve
268 1639 347 1716 ferat
368 1638 455 1696 nobie
479 1655 564 1695 eaeue
586 1639 676 1714 quive
698 1637 798 1696 exitus
821 1637 927 1700 instet.

56 1726 62 1743 ”
136 1756 191 1795 nee
212 1754 347 1813 prorsum
370 1735 464 1793 vitam
487 1735 621 1794 duoendo
643 1735 791 1795 demimus
808 1735 909 1796 hilum

136 1839 269 1911 tempore
291 1832 327 1890 de
348 1832 453 1890 mortis
474 1852 530 1891 nee
547 1833 678 1892 delibare
692 1835 835 1907 valemus,

137 1951 196 2011 quo
219 1932 318 1990 minus
340 1950 403 1988 esse
425 1931 477 1989 diu
500 1931 649 2008 possimus
667 1932 746 1990 forte
764 1934 924 2010 perempti.

137 2031 262 2110 proinde
281 2030 353 2088 lieet
373 2035 447 2106 quot
467 2029 513 2088 vis
536 2030 667 2090 vivendo
686 2031 813 2090 condere
833 2033 952 2107 meola;
967 2034 1043 2095 1090

137 2148 217 2188 more
238 2135 360 2186 aeterna
380 2134 482 2185 tamen
505 2127 567 2185 nilo
590 2128 690 2185 minue
712 2127 766 2185 illa
788 2129 938 2203 manebit,

75 2241 77 2245 '
138 2247 193 2286 nee
216 2226 315 2284 minue
337 2223 388 2283 ille
411 2224 464 2282 diu
482 2224 543 2281 iam
564 2243 625 2282 non
646 2223 712 2295 erit,
735 2242 774 2282 ex
794 2222 945 2287 hodierno

138 2324 251 2383 lumine
273 2322 325 2398 qui
348 2321 437 2378 finem
461 2320 537 2379 vitai
557 2320 639 2391 feeit,
664 2320 774 2392 atille,

140 2420 290 2480 mensibus
311 2423 401 2494 atque
422 2417 509 2476 annis
533 2416 585 2494 qui
606 2416 710 2476 multia
731 2415 839 2476 oeeidit
862 2424 948 2480 ante.
