2198 3764
414 226 548 289 ZIBEB
575 229 602 289 I.

58 398 182 438 nemea
202 378 280 439 dona
300 367 357 437 tibi
377 378 477 437 studio
496 378 628 455 disposta
645 376 743 449 fideli·

58 476 210 534 intellecta
233 476 316 552 priua
333 494 425 552 quam
444 475 514 547 sint,
534 479 704 551 contempta
719 473 878 551 relinquen

58 591 128 630 nam
148 571 207 630 tibi
226 571 264 630 de
284 590 400 630 summa
419 571 493 628 caeli
512 571 629 629 ratione
648 569 798 647 deumque·

59 669 201 729 disserere
220 669 361 746 incipiam
380 675 413 729 et
432 688 532 727 rerum
555 667 717 746 primordia
737 667 874 744 pandam,
920 650 958 725 5‘5

59 768 139 826 unde
159 768 254 826 omnia
275 773 382 826 natura
402 773 481 826 creet
500 785 547 825 reo
567 771 667 824 auctet
687 767 815 842 alatque,

60 884 156 943 quove
175 864 278 923 eadem
298 883 416 922 rursum
436 869 546 921 natura
565 867 718 939 perempta
737 860 875 934 resolvat,

59 983 136 1042 quoe
155 983 210 1022 nos
229 965 383 1022 materiem
403 967 434 1020 et
452 961 595 1040 genitalia
614 980 737 1038 corpora
756 961 844 1019 rebus

59 1059 215 1118 reddunda
234 1059 268 1117 in
287 1059 404 1117 ratione
425 1078 531 1116 vooare
551 1064 583 1116 et
606 1057 719 1116 semino
739 1075 840 1114 rerum

59 1157 207 1234 appellare
228 1166 345 1216 suemus
365 1164 397 1214 et
416 1156 489 1214 haeo
508 1156 610 1214 eadem
630 1173 773 1231 usurpare
920 1153 958 1213 60

59 1273 183 1332 corpora
202 1253 306 1332 prima,
328 1253 408 1332 quod
428 1272 467 1311 ex
486 1253 547 1312 illis
566 1258 638 1311 eunt
657 1252 757 1310 omnia
776 1249 888 1328 primia

61 1463 121 1524 lta
137 1465 222 1541 reign
239 1463 276 1542 of
287 1465 425 1542 Reliqimo
442 1467 507 1526 aad
520 1467 565 1526 tbo
578 1466 667 1526 revolt
681 1464 718 1543 of
729 1465 894 1543 Epion-ua:
912 1465 960 1525 tta

141 1562 263 1622 intelleot
273 1565 443 1640 pemtrated
454 1565 566 1641 beyond
573 1564 619 1623 tlte
630 1564 764 1623 univerae
773 1564 836 1622 aad
847 1562 960 1638 oominq

141 1660 212 1719 borlo
235 1661 338 1736 taught
360 1682 397 1720 ιιι
420 1661 465 1721 tlte
484 1662 556 1721 lawa
576 1661 640 1720 aad
660 1661 831 1720 limitatione
852 1659 889 1736 ff
905 1680 961 1721 our

142 1757 233 1833 beiaq,
247 1778 279 1816 eo
293 1757 355 1817 atat
368 1778 410 1817 we
423 1778 480 1817 orm
493 1757 616 1835 tromple
629 1778 670 1816 ora
682 1757 827 1834 Religion

102 1897 245 1955 Humana
264 1903 335 1956 ante
354 1897 454 1957 oculos
473 1897 559 1957 foede
579 1917 646 1956 oum
666 1897 731 1956 vita
749 1897 859 1957 iaoerot

60 1995 95 2053 in
114 1994 201 2053 terris
221 2014 360 2073 oppressa
379 1995 464 2072 gravi
484 1996 540 2052 sub
561 1994 702 2072 religione

60 2111 137 2170 quae
157 2099 247 2170 eaput
266 2112 286 2151 a
305 2093 378 2152 caeli
401 2094 570 2171 regionibus
590 2098 764 2157 ostendebat

60 2192 197 2251 horribili
216 2212 305 2270 anper
325 2201 444 2271 aspectu
464 2193 637 2252 mortalibus
656 2192 779 2264 instans,
920 2192 958 2250 65

60 2288 191 2367 primum
211 2289 321 2348 Graius
340 2290 427 2347 homo
447 2289 580 2348 mortalis
600 2289 703 2348 tollere
722 2294 825 2347 eontra

61 2396 108 2448 eat
127 2387 226 2447 oculor
244 2406 335 2447 ausus
354 2389 525 2466 primusque
544 2387 686 2446 obsistere
705 2393 817 2459 eontra,

61 2505 151 2564 quem
170 2504 266 2562 neque
285 2484 365 2543 lama
384 2483 473 2543 deum
492 2503 547 2542 neo
567 2482 693 2542 fulmina
712 2502 767 2541 noo
786 2481 940 2540 minitanti

61 2601 214 2642 murmure
234 2581 406 2659 oompresait
426 2581 548 2652 eoelum,
570 2580 622 2639 rod
641 2599 676 2638 eo
696 2579 790 2656 magis
809 2598 906 2637 aorem

61 2680 170 2740 inritat
189 2679 283 2738 animi
304 2679 456 2751 virtutem,
480 2679 636 2756 effringere
655 2682 692 2736 ut
711 2683 778 2735 arto
921 2675 960 2736 70

60 2784 188 2838 naturae
207 2777 321 2854 primus
340 2783 492 2853 portarum
512 2775 642 2834 claustra
661 2774 784 2852 oupiret.

60 2894 133 2953 ergo
151 2874 253 2934 vivida
271 2873 317 2932 vis
336 2873 430 2932 animi
449 2873 582 2951 pervicit,
604 2879 635 2931 et
654 2878 740 2930 extra

60 2971 204 3049 prooessit
223 2971 309 3048 longe
329 2969 514 3028 flammantia
532 2968 649 3027 moenia
667 2966 773 3026 mundi

60 3072 154 3144 atque
173 3085 259 3124 omne
280 3065 456 3123 immensum
476 3063 646 3141 peragravit
665 3069 765 3121 mente
784 3062 948 3141 animoque,

19 3163 22 3169 ’
60 3163 143 3222 undo
162 3162 255 3222 refert
274 3161 360 3221 nobis
379 3161 476 3220 victor
496 3160 569 3238 quid
589 3160 682 3238 possit
704 3159 786 3232 oriri,
921 3157 959 3220 75

60 3258 135 3339 qnid
154 3264 291 3338 nequeat,
312 3258 398 3316 linita
417 3264 548 3336 potestas
568 3256 696 3333 deniquo
715 3255 823 3333 ouique

60 3375 192 3439 quonam
212 3356 253 3416 ait
271 3356 386 3416 ratione
406 3363 497 3433 atque
515 3353 577 3413 alte
596 3352 743 3412 terminus
759 3352 892 3411 ›haererm

803 3457 891 3519 l-‘a
