2198 3764
95 231 134 290 24
447 195 640 293 socnam

95 372 215 431 aestifer
235 371 312 450 ignis
333 370 380 429 uti
403 370 503 428 lumen
526 367 598 426 iacit
619 374 708 443 atque
729 380 884 440 vaporem,

96 478 131 527 ut
152 471 252 528 videas
267 474 334 526 *non
357 487 374 526 e
397 467 516 544 stipatis
537 464 671 542 partibus
692 480 762 520 esse.

96 567 176 643 quod
196 566 222 624 si
244 566 322 624 forte
344 565 403 623 alia
425 562 550 621 credunt
572 562 688 620 ratione
709 565 827 636 potesse
944 553 1004 614 666

97 663 175 740 ignis
197 663 231 722 in
252 669 339 722 coetu
360 659 474 737 stingui
493 665 668 735 mutareque
689 676 803 732 corpus,

99 761 211 818 scilicet
234 779 271 818 ax
294 758 379 817 nulla
399 758 494 816 facere
516 755 548 814 id
569 755 595 813 si
616 761 701 832 parte
722 755 893 830 reparccnt,

99 857 213 915 occidet
235 856 273 915 ad
293 856 389 913 nilum
408 854 550 912 nimirum
571 851 709 911 funditus
730 852 819 909 ardor

100 953 196 1010 omnis
218 958 250 1010 et
270 971 284 1009 e
307 951 370 1009 nilo
389 951 463 1008 fient
486 968 686 1026 quaecumque
706 955 857 1006 creantur.

100 1066 169 1104 nam
194 1046 397 1123 quodcumque
415 1029 478 1102 suis
499 1051 647 1102 mutatum
671 1044 781 1102 finibus
804 1043 881 1118 exit,
948 1040 1007 1100 670

101 1144 242 1202 continuo
260 1144 316 1201 hoc
335 1162 414 1201 mors
434 1148 480 1200 est
499 1143 581 1200 illius
601 1143 680 1220 quod
699 1143 761 1200 fuit
784 1148 866 1201 ante.

101 1236 225 1316 proinde
248 1239 354 1316 aliquit
375 1257 512 1315 superare
534 1258 651 1296 necesse
674 1244 720 1296 est
741 1238 895 1296 incolume
919 1236 997 1310 ollis,

102 1356 141 1396 ne
163 1337 221 1395 tibi
240 1352 293 1395 res
310 1337 432 1395 redeant
455 1337 494 1394 ad
515 1337 608 1394 nilum
635 1336 772 1395 funditus
793 1355 902 1395 omnes

102 1434 141 1491 de
163 1433 282 1510 niloque
302 1437 407 1491 renata
427 1431 558 1508 vigescat
581 1433 667 1510 copia
687 1452 796 1492 rerum.

102 1550 184 1589 nunc
196 1530 289 1606 igitur
301 1527 440 1606 quoniam
454 1529 616 1588 certissima
629 1539 751 1607 corpora
764 1529 917 1607 quaedam
951 1528 992 1588 67
992 1529 1009 1586 5

103 1631 177 1685 sunt
196 1644 272 1702 quae
292 1632 466 1684 conservant
488 1635 627 1684 naturam
646 1646 765 1704 semper
787 1627 928 1698 eandem,

105 1741 231 1799 quorum
250 1723 334 1780 abitu
355 1727 409 1781 aut
424 1722 509 1781 aditu
532 1730 706 1802 mutatoque
728 1725 833 1783 ordine
856 1731 985 1783 mutant

104 1825 244 1877 naturam
264 1838 311 1877 res
333 1816 365 1878 e't
387 1825 566 1879 convertunt
586 1818 708 1898 corpora
731 1842 804 1895 sese,

105 1913 181 1970 scire
203 1912 273 1970 licet
292 1933 352 1972 uon
374 1933 435 1972 asse
455 1913 527 1973 haec
550 1916 637 1992 ignea
659 1921 783 1995 corpora
804 1937 920 1978 rerum.

106 2007 151 2064 nil
172 2008 294 2066 referret
317 2009 395 2067 euim
417 2010 561 2086 quaedam
582 2011 722 2072 decedere
745 2013 838 2086 abire,
956 2015 1016 2073 680

107 2109 198 2179 atque
220 2104 279 2162 alia
301 2105 440 2179 adtribui,
465 2106 632 2185 mutarique
655 2109 760 2169 ordine
781 2112 945 2188 quaedam,

108 2197 136 2254 si
157 2202 272 2256 tamen
281 2200 392 2258 ardoris
415 2207 468 2258 net
469 2221 552 2260 uram
576 2211 685 2264 cuncta
704 2213 860 2281 tenereut;

109 2294 186 2370 ignis
207 2296 285 2381 enim
305 2297 384 2355 foret
406 2298 580 2358 omnimodis
601 2303 808 2386 quodcumque
833 2313 989 2366 crearent.

109 2411 222 2463 verum,
234 2399 269 2451 ut
276 2413 387 2471 opmor,
398 2393 487 2455 itast:
501 2403 573 2455 sunt
584 2400 731 2475 quaedam
745 2421 871 2480 corpora
886 2425 1021 2482 quorum

110 2505 267 2547 concursus
287 2495 385 2548 motus
405 2492 475 2550 ordo
495 2492 628 2568 positura
646 2496 760 2573 figurae
960 2503 1020 2560 685

112 2582 270 2641 efficiunt'
260 2586 346 2662 rgnis,
364 2593 536 2666 mutatoque
556 2590 659 2649 ordine
682 2600 806 2654 mutant

112 2680 248 2735 naturam
268 2699 363 2756 neque
380 2688 451 2741 sunt
472 2684 535 2760 igni
556 2685 696 2745 simulate
716 2707 815 2766 neque
837 2691 900 2751 ulli
961 2714 964 2718 ⁸

113 2778 263 2846 praeterea
286 2778 426 2855 reiquae
448 2800 580 2857 corpora
596 2783 717 2843 mittere
739 2788 837 2863 possit

114 2867 247 2927 sensibus
267 2876 299 2930 et
320 2881 435 2934 nostros
456 2877 574 2937 adiectu
597 2886 720 2959 tangere
738 2891 850 2946 tactus.

116 3009 161 3066 Hc
181 3011 277 3073 denies
296 3017 340 3076 tte
356 3020 484 3080 evidence
502 3021 540 3096 os
551 3023 595 3083 tlte
615 3046 708 3086 seruos
726 3028 764 3105 by
784 3037 940 3114 assertiuq
961 3039 1024 3098 ttae

390 3115 523 3190 ontyflrc
537 3119 599 3176 trel
596 3141 618 3196 y
630 3122 728 3183 euicta

156 3222 261 3284 Dicere
274 3249 360 3305 porro
373 3235 469 3310 ignem
484 3257 530 3297 res
543 3243 638 3301 omnis
652 3264 715 3303 esse
729 3267 830 3327 neque
841 3253 944 3314 ullam
967 3257 1025 3316 690

116 3335 178 3372 rem
201 3337 300 3380 veram
320 3326 353 3385 in
372 3349 493 3393 numero
512 3353 611 3413 rerum
632 3347 769 3403 constare
790 3348 855 3408 nisi
876 3351 1022 3430 ignem,
