2198 3764
154 207 193 266 82
506 203 698 264 wolteri

153 354 317 438 discedunt²
336 359 434 412 totum
455 352 542 412 video
563 373 617 431 per
635 354 724 411 inane
743 353 809 429 geri
830 373 889 412 res,

153 460 277 529 apparet
296 454 399 511 divum
418 473 530 512 numen
551 454 691 530 sedesque
712 454 832 530 quietae
864 459 867 463 ’

153 568 227 627 quas
247 570 343 626 neque
365 551 539 608 concutiunt
558 551 643 608 venti
662 569 717 608 nec
738 551 845 608 nubila
866 551 987 610 nimbis

153 655 315 725 aspergunt
335 668 429 725 neque
449 648 504 707 nix
524 649 585 706 aeri
605 654 742 706 concreta
762 649 876 724 pruina
1027 652 1060 710 20

154 763 228 801 cana
247 745 353 803 cadens
373 746 466 803 violat
485 765 654 822 semperque
674 745 828 803 innubulis
849 747 963 806 aether

153 845 269 920 integit,
291 850 322 901 et
341 844 421 919 large
441 843 548 900 diffuso
568 843 680 900 lumine
700 843 809 902 rident

154 944 253 1001 omnia
273 941 443 1019 suppeditat
463 960 550 1018 porro
570 947 679 998 natura
698 960 794 1018 neque
815 941 883 1000 ulla

153 1060 201 1098 res
221 1040 313 1098 animi
332 1058 434 1114 pacem
458 1037 571 1095 delibat
589 1044 724 1114 tempore
742 1039 774 1095 in
794 1038 866 1096 ullo.

153 1143 186 1195 at
206 1143 309 1195 eontra
328 1153 474 1210 nusquam
494 1138 639 1210 apparent
658 1134 824 1192 Acherusia
844 1137 966 1214 templa
1023 1137 1055 1196 25

152 1254 206 1292 nec
226 1233 315 1292 tellus
334 1232 433 1290 obstat
452 1231 526 1307 quin
545 1232 645 1288 omnia
664 1231 871 1308 dispiciantur,

153 1333 209 1390 sub
227 1331 353 1408 pedibus
372 1346 573 1406 quaecumque
593 1327 673 1384 infra
692 1347 745 1405 per
763 1328 855 1386 inane
875 1337 1034 1406 geruntur.

152 1429 200 1486 his
220 1428 263 1486 ibi
282 1447 330 1485 me
350 1427 439 1484 rebus
459 1425 603 1502 quaedam
624 1425 726 1483 divina
746 1427 888 1503 voluptas

153 1525 281 1602 percipit
298 1523 396 1600 adque
412 1523 524 1594 horror,
546 1522 625 1599 quod
640 1522 683 1580 sie
700 1528 809 1580 natura
828 1528 886 1582 tua
906 1506 943 1584 vi

154 1627 216 1679 tam
234 1621 394 1679 manifesta
413 1628 519 1697 patens
539 1640 577 1678 ex
600 1620 680 1677 omni
696 1626 781 1697 parte
796 1626 915 1679 retecta
932 1631 990 1686 est.
1021 1625 1056 1682 30

153 1781 269 1842 Nature
287 1780 326 1856 qs
336 1781 423 1840 mind
440 1783 503 1839 and
520 1781 586 1840 soal
602 1790 679 1839 must
699 1781 729 1840 te
742 1781 906 1856 explained,
924 1785 964 1844 ia
977 1787 1057 1844 order

234 1889 262 1937 to
283 1887 323 1936 eet
344 1899 410 1936 enen
421 1879 490 1955 free
501 1877 588 1953 from
610 1878 655 1936 the
667 1877 740 1953 feam
758 1877 795 1955 qs
802 1879 890 1938 death
910 1884 979 1943 aad
994 1885 1053 1943 teet

233 1975 314 2036 Such
330 1975 419 2053 seara
442 1975 606 2052 coaetantly
629 1976 772 2052 nappaeae·
795 1975 831 2033 iu
853 1977 929 2051 tuna
953 1979 992 2055 qs
1011 1981 1057 2038 ad·

233 2074 348 2150 uersitp.
386 2073 475 2132 Their
488 2073 740 2149 effecte-avarica,
755 2073 913 2150 ambitione,
929 2080 1054 2150 murder,

234 2190 301 2228 even
314 2168 435 2228 suicide.

194 2296 237 2355 Et
256 2294 396 2372 quoniam
417 2291 512 2366 docui,
535 2299 709 2349 cunctarum
730 2290 853 2351 exordia
873 2311 983 2355 rerum
1095 2334 1097 2371 3

154 2394 254 2472 qualia
273 2393 336 2451 sint
355 2398 387 2448 et
407 2411 494 2467 quam
515 2391 607 2448 variis
628 2389 772 2448 distantia
786 2390 896 2450 formis

154 2498 259 2569 sponte
278 2509 333 2548 sua
352 2489 480 2547 volitent
500 2495 622 2546 aeterno
642 2488 755 2564 percita
771 2492 859 2546 motu

154 2608 250 2665 quove
269 2586 356 2644 modo
376 2585 492 2662 possint
511 2604 558 2642 res
579 2604 617 2642 ex
637 2585 685 2642 his
704 2603 841 2661 quaeque
862 2591 974 2664 creari,

126 2673 130 2681 ⁸
152 2687 241 2747 hasce
259 2685 419 2745 seeundum
440 2704 486 2742 res
506 2684 599 2741 animi
618 2688 728 2741 natura
751 2683 874 2743 videtur
1020 2687 1051 2746 35

153 2789 242 2860 atque
263 2783 379 2840 animae
403 2780 542 2838 claranda
563 2779 638 2837 meis
655 2780 715 2837 iam
736 2779 875 2840 versibus
894 2802 963 2844 esse

154 2883 186 2936 et
205 2883 304 2936 metus
322 2879 374 2936 ille
392 2879 470 2936 foras
489 2896 628 2954 piaeceps
646 2876 831 2935 Acheruntis
852 2883 1001 2956 agenduq

154 2975 293 3034 funditus
307 2976 468 3035 humanam
489 2975 542 3052 qui
561 2976 656 3032 vitam
674 2976 777 3033 turbat
797 2976 837 3034 ab
852 2976 919 3038 imo

155 3072 254 3131 omnia
272 3073 445 3130 suffundens
464 3072 569 3130 mortis
587 3073 704 3149 nigrore
721 3091 819 3150 neque
840 3075 941 3136 ullam

155 3191 218 3230 esse
234 3170 419 3246 voluptatem
438 3171 582 3246 liquidam
598 3188 762 3246 puramque
777 3169 937 3248 relinquit
1016 3170 1047 3231 40

154 3287 224 3326 nam
241 3267 319 3343 quod
333 3287 419 3343 saepe
433 3268 567 3326 homines
583 3269 701 3326 morbos
714 3267 808 3344 magis
826 3287 895 3329 ease
911 3272 1046 3333 uuonan

155 3365 354 3441 infamemque
375 3364 478 3422 ferunt
493 3365 588 3422 vitam
609 3383 698 3441 quam
716 3353 843 3424 Tartara
859 3366 921 3428 leti
