2198 3764
147 225 191 284 38.
394 220 587 286 LUORM'I
606 222 738 286 LIBER
765 227 792 288 I.

147 379 178 431 et
199 373 309 432 calidos
330 373 420 432 simul
441 393 460 431 e
479 374 577 433 medio
598 375 745 434 differrier
763 376 851 452 ignis,

147 482 237 553 atque
257 475 324 534 ideo
345 481 443 534 totum
464 478 575 534 circum
596 482 723 535 tremere
742 477 863 535 sothero
883 476 981 555 signis

147 577 178 630 et
199 572 269 630 solis
289 572 437 631 flammam
458 592 512 650 per
533 573 607 631 eseli
628 573 746 630 caerula
766 573 856 650 pasci,
973 574 1054 632 1090

147 670 226 748 quod
248 671 328 729 calor
346 690 366 728 a
384 671 482 729 medio
503 670 621 748 fugiens
642 691 674 752 se
694 672 738 729 ibi
758 671 888 747 conligat
908 673 1018 743 omnis,

147 785 202 825 nec
221 786 355 843 prorsum
377 767 533 826 arboribus
553 787 683 825 summos
704 767 890 826 frondescere
912 787 1015 826 ramos
1048 805 1050 808 <

56 861 58 864 ’
147 883 240 942 posse,
261 864 320 923 nisi
341 884 360 922 a
380 865 468 922 terris
489 865 634 942 paulatim
654 865 761 941 cuique
782 865 915 923 cibotum

150 1735 188 1774 ne
208 1715 322 1775 volucri
341 1715 404 1773 ritu
424 1714 608 1774 flemmarum
630 1717 748 1776 moenis
767 1717 874 1776 mundi

150 1809 309 1886 diffugient
327 1809 426 1881 subito
445 1829 584 1886 magnum
605 1830 659 1887 per
678 1810 767 1870 inane
787 1812 887 1870 solute
943 1864 945 1869 .

152 1911 184 1965 et
201 1925 240 1964 ne
261 1911 359 1964 cetere
379 1905 526 1964 consimili
544 1907 661 1965 ratione
681 1912 845 1984 sequentur

151 2022 227 2063 neve
246 2006 338 2060 ruant
358 2002 432 2060 caeli
452 2001 616 2079 penetralis
635 2003 748 2079 templa
766 2023 896 2081 superne
974 2005 1050 2064 1105

152 2107 289 2177 terreque
309 2117 341 2156 se
360 2097 485 2175 pedibus
505 2100 615 2174 raptim
635 2098 784 2172 subducet¹
802 2105 834 2159 et
855 2102 956 2160 omnis

151 2197 231 2256 inter
249 2195 412 2274 permixtas
432 2203 531 2253 rerum
552 2196 684 2272 coelique
704 2196 807 2255 ruinas

152 2315 273 2373 corpore
293 2293 441 2352 solventes
463 2293 550 2350 abent
568 2313 623 2371 per
643 2295 732 2353 inane
752 2294 948 2371 profundum,

152 2390 348 2468 temporisne
366 2395 477 2467 puncto
497 2389 542 2446 nil
561 2394 647 2448 extet
665 2389 857 2467 reliquiarum

152 2488 302 2548 desertum
321 2491 438 2562 praeter
455 2484 588 2561 ‘spatium
607 2492 639 2543 et
658 2486 820 2562 primordie
840 2507 938 2549 cecos
974 2490 1050 2550 1110

153 2603 222 2642 nem
243 2566 427 2659 quecunique
446 2581 529 2658 prius
550 2580 587 2639 de
607 2582 688 2658 perti
708 2601 831 2659 corpore
851 2583 940 2644 desse

153 2673 323 2747 constitues,
343 2673 415 2754 haec
435 2673 523 2730 rebus
544 2672 603 2730 erit
621 2692 690 2749 pers
709 2673 800 2731 ianus
819 2674 883 2748 leti,

153 2772 209 2829 hec
229 2789 261 2828 se
282 2770 371 2828 turbe
391 2769 471 2826 fores
491 2768 576 2826 dabit
596 2768 692 2826 omnis
713 2769 856 2829 materiei.

154 2882 278 2942 Proceed
289 2881 399 2958 step-by
411 2888 479 2956 step,
494 2880 661 2953 Memmius,
675 2882 739 2939 and
751 2901 812 2958 you
824 2883 889 2942 will
906 2887 1009 2946 otwin
1024 2896 1049 2945 to

215 2996 219 3044 j
456 2975 618 3050 knowledqe
631 2985 662 3034 at
675 2976 740 3034 last.

194 3082 279 3140 Haeo
298 3081 340 3138 sic
359 3098 520 3158 pernosces,
541 3099 634 3156 perra
652 3079 813 3156 perductus
834 3084 945 3159 opella,

154 3196 282 3255 nemque
302 3176 363 3235 alid
384 3196 424 3234 ex
443 3175 503 3233 clio
524 3176 665 3234 clarescet
683 3196 739 3236 neo
759 3177 817 3236 tibi
837 3198 929 3240 eecce
976 3183 1047 3244 1115

154 3295 216 3335 nox
236 3275 294 3346 iter·
314 3273 420 3350 eripiet
440 3272 514 3349 quin
534 3273 641 3330 ultime.
661 3275 781 3333 naturai
853 3334 856 3339 ,
940 3301 942 3304 ⁴

155 3372 326 3453 pervideas:
348 3372 459 3430 iteres
480 3371 641 3430 accendent
661 3373 782 3444 lumine.
796 3374 895 3436 rebus.
