<?xml version="1.0" encoding="UTF-8"?>
<!DOCTYPE html PUBLIC "-//W3C//DTD XHTML 1.0 Transitional//EN"
    "http://www.w3.org/TR/xhtml1/DTD/xhtml1-transitional.dtd">
<html xmlns="http://www.w3.org/1999/xhtml" xml:lang="en" lang="en">
 <head>
  <title>
</title>
<meta http-equiv="Content-Type" content="text/html;charset=utf-8" />
  <meta name='ocr-system' content='tesseract 3.04.00' />
  <meta name='ocr-capabilities' content='ocr_page ocr_carea ocr_par ocr_line ocrx_word'/>
</head>
<body>
  <div class='ocr_page' id='page_1' title='image "./tlucreticarider00leegoog_0057.png"; bbox 0 0 2198 3764; ppageno 0'>
   <div class='ocr_carea' id='block_1_1' title="bbox 93 209 639 273">
    <p class='ocr_par' dir='ltr' id='par_1_1' title="bbox 93 209 639 273">
     <span class='ocr_line' id='line_1_1' title="bbox 93 209 639 273; baseline 0.002 -3"><span class='ocrx_word' id='word_1_1' title='bbox 93 211 121 270; x_wconf 66' lang='grc' dir='ltr'><strong>θ’</strong></span> <span class='ocrx_word' id='word_1_2' title='bbox 450 209 639 273; x_wconf 67' lang='lat' dir='ltr'><strong>tuocum</strong></span> 
     </span>
    </p>
   </div>
   <div class='ocr_carea' id='block_1_2' title="bbox 91 358 994 727">
    <p class='ocr_par' dir='ltr' id='par_1_2' title="bbox 91 358 939 629">
     <span class='ocr_line' id='line_1_2' title="bbox 91 358 860 438; baseline 0 -19"><span class='ocrx_word' id='word_1_3' title='bbox 91 367 124 419; x_wconf 92' lang='lat' dir='ltr'><strong>et</strong></span> <span class='ocrx_word' id='word_1_4' title='bbox 143 379 220 438; x_wconf 85' lang='lat' dir='ltr'><strong>quae</strong></span> <span class='ocrx_word' id='word_1_5' title='bbox 241 379 290 419; x_wconf 87' lang='lat' dir='ltr'><strong>res</strong></span> <span class='ocrx_word' id='word_1_6' title='bbox 310 359 396 419; x_wconf 89' lang='lat' dir='ltr'><strong>nobis</strong></span> <span class='ocrx_word' id='word_1_7' title='bbox 416 359 610 438; x_wconf 86' lang='lat' dir='ltr'><strong>vigilantibus</strong></span> <span class='ocrx_word' id='word_1_8' title='bbox 633 358 722 418; x_wconf 82' lang='lat' dir='ltr'><strong>obvia</strong></span> <span class='ocrx_word' id='word_1_9' title='bbox 743 365 860 420; x_wconf 85' lang='lat' dir='ltr'><strong>mentes</strong></span> 
     </span>
     <span class='ocr_line' id='line_1_3' title="bbox 91 441 939 534; baseline -0.001 -18"><span class='ocrx_word' id='word_1_10' title='bbox 91 457 234 516; x_wconf 84' lang='lat' dir='ltr'><strong>terrificet</strong></span> <span class='ocrx_word' id='word_1_11' title='bbox 256 441 359 515; x_wconf 85' lang='lat' dir='ltr'><strong>morbo</strong></span> <span class='ocrx_word' id='word_1_12' title='bbox 380 456 505 515; x_wconf 76' lang='lat' dir='ltr'><strong>adfectis</strong></span> <span class='ocrx_word' id='word_1_13' title='bbox 528 475 689 534; x_wconf 81' lang='lat' dir='ltr'>somnoque</span> <span class='ocrx_word' id='word_1_14' title='bbox 708 459 841 534; x_wconf 84' lang='lat' dir='ltr'><strong>sepultis,</strong></span> <span class='ocrx_word' id='word_1_15' title='bbox 936 493 939 498; x_wconf 22' lang='grc' dir='ltr'><strong>Δ</strong></span> 
     </span>
     <span class='ocr_line' id='line_1_4' title="bbox 93 551 838 629; baseline -0.001 -19"><span class='ocrx_word' id='word_1_16' title='bbox 93 571 211 610; x_wconf 85' lang='lat' dir='ltr'><strong>cernere</strong></span> <span class='ocrx_word' id='word_1_17' title='bbox 232 551 280 609; x_wconf 89' lang='lat' dir='ltr'><strong>uti</strong></span> <span class='ocrx_word' id='word_1_18' title='bbox 302 552 456 611; x_wconf 83' lang='lat' dir='ltr'><strong>videamur</strong></span> <span class='ocrx_word' id='word_1_19' title='bbox 477 571 527 611; x_wconf 85' lang='lat' dir='ltr'><strong>ecs</strong></span> <span class='ocrx_word' id='word_1_20' title='bbox 547 551 709 629; x_wconf 81' lang='lat' dir='ltr'><strong>audireque</strong></span> <span class='ocrx_word' id='word_1_21' title='bbox 731 571 838 623; x_wconf 86' lang='lat' dir='ltr'><strong>coram,</strong></span> 
     </span>
    </p>

    <p class='ocr_par' dir='ltr' id='par_1_3' title="bbox 92 649 994 727">
     <span class='ocr_line' id='line_1_5' title="bbox 92 649 994 727; baseline 0.001 -19"><span class='ocrx_word' id='word_1_22' title='bbox 92 655 187 708; x_wconf 86' lang='lat' dir='ltr'><strong>morte</strong></span> <span class='ocrx_word' id='word_1_23' title='bbox 210 649 291 707; x_wconf 89' lang='lat' dir='ltr'><strong>obita</strong></span> <span class='ocrx_word' id='word_1_24' title='bbox 313 667 439 727; x_wconf 83' lang='lat' dir='ltr'><strong>quorum</strong></span> <span class='ocrx_word' id='word_1_25' title='bbox 461 649 551 708; x_wconf 88' lang='lat' dir='ltr'><strong>tellus</strong></span> <span class='ocrx_word' id='word_1_26' title='bbox 573 649 764 727; x_wconf 74' lang='lat' dir='ltr'><strong>amplectitur</strong></span> <span class='ocrx_word' id='word_1_27' title='bbox 784 668 860 709; x_wconf 85' lang='lat' dir='ltr'><strong>oasa.</strong></span> <span class='ocrx_word' id='word_1_28' title='bbox 936 650 994 709; x_wconf 84' lang='lat'><strong>135</strong></span> 
     </span>
    </p>
   </div>
   <div class='ocr_carea' id='block_1_3' title="bbox 234 855 826 934">
    <p class='ocr_par' dir='ltr' id='par_1_4' title="bbox 234 855 826 934">
     <span class='ocr_line' id='line_1_6' title="bbox 234 855 826 934; baseline 0.003 -19"><span class='ocrx_word' id='word_1_29' title='bbox 234 855 293 915; x_wconf 69' lang='lat' dir='ltr'><strong>rto</strong></span> <span class='ocrx_word' id='word_1_30' title='bbox 307 865 428 934; x_wconf 73' lang='lat' dir='ltr'><strong>pcvcrty</strong></span> <span class='ocrx_word' id='word_1_31' title='bbox 447 855 486 930; x_wconf 87' lang='lat' dir='ltr'><strong>cs</strong></span> <span class='ocrx_word' id='word_1_32' title='bbox 497 855 544 915; x_wconf 75' lang='lat' dir='ltr'><strong>ate</strong></span> <span class='ocrx_word' id='word_1_33' title='bbox 562 855 655 915; x_wconf 70' lang='lat' dir='ltr'><strong>tatia</strong></span> <span class='ocrx_word' id='word_1_34' title='bbox 674 855 826 933; x_wconf 58' lang='lat' dir='ltr'><strong>taquam.</strong></span> 
     </span>
    </p>
   </div>
   <div class='ocr_carea' id='block_1_4' title="bbox 91 987 993 1845">
    <p class='ocr_par' dir='ltr' id='par_1_5' title="bbox 91 987 993 1845">
     <span class='ocr_line' id='line_1_7' title="bbox 133 987 929 1068; baseline 0.001 -20"><span class='ocrx_word' id='word_1_35' title='bbox 133 1008 188 1048; x_wconf 88' lang='lat' dir='ltr'><strong>nec</strong></span> <span class='ocrx_word' id='word_1_36' title='bbox 206 1009 255 1047; x_wconf 89' lang='lat' dir='ltr'><strong>me</strong></span> <span class='ocrx_word' id='word_1_37' title='bbox 274 989 367 1047; x_wconf 84' lang='lat' dir='ltr'><strong>animi</strong></span> <span class='ocrx_word' id='word_1_38' title='bbox 386 988 467 1047; x_wconf 80' lang='lat' dir='ltr'><strong>fallit</strong></span> <span class='ocrx_word' id='word_1_39' title='bbox 487 987 646 1047; x_wconf 79' lang='lat' dir='ltr'><strong>Graiorum</strong></span> <span class='ocrx_word' id='word_1_40' title='bbox 666 989 790 1048; x_wconf 90' lang='lat' dir='ltr'><strong>obscura</strong></span> <span class='ocrx_word' id='word_1_41' title='bbox 809 997 929 1068; x_wconf 86' lang='lat' dir='ltr'><strong>reperta</strong></span> 
     </span>
     <span class='ocr_line' id='line_1_8' title="bbox 93 1086 778 1162; baseline 0 -17"><span class='ocrx_word' id='word_1_42' title='bbox 93 1086 210 1146; x_wconf 87' lang='lat' dir='ltr'><strong>difficile</strong></span> <span class='ocrx_word' id='word_1_43' title='bbox 231 1087 390 1145; x_wconf 89' lang='lat' dir='ltr'><strong>inlustrare</strong></span> <span class='ocrx_word' id='word_1_44' title='bbox 414 1086 532 1144; x_wconf 81' lang='lat' dir='ltr'><strong>Latinis</strong></span> <span class='ocrx_word' id='word_1_45' title='bbox 551 1087 685 1145; x_wconf 84' lang='lat' dir='ltr'><strong>versibus</strong></span> <span class='ocrx_word' id='word_1_46' title='bbox 706 1106 778 1162; x_wconf 85' lang='lat' dir='ltr'><strong>esse,</strong></span> 
     </span>
     <span class='ocr_line' id='line_1_9' title="bbox 94 1185 938 1265; baseline 0.005 -22"><span class='ocrx_word' id='word_1_47' title='bbox 94 1186 189 1244; x_wconf 85' lang='lat' dir='ltr'><strong>multa</strong></span> <span class='ocrx_word' id='word_1_48' title='bbox 209 1186 295 1244; x_wconf 86' lang='lat' dir='ltr'><strong>novis</strong></span> <span class='ocrx_word' id='word_1_49' title='bbox 317 1185 416 1244; x_wconf 85' lang='lat' dir='ltr'><strong>verbis</strong></span> <span class='ocrx_word' id='word_1_50' title='bbox 436 1187 608 1263; x_wconf 87' lang='lat' dir='ltr'><strong>praesertim</strong></span> <span class='ocrx_word' id='word_1_51' title='bbox 633 1206 702 1245; x_wconf 89' lang='lat' dir='ltr'><strong>cum</strong></span> <span class='ocrx_word' id='word_1_52' title='bbox 725 1187 765 1246; x_wconf 85' lang='lat' dir='ltr'><strong>sit</strong></span> <span class='ocrx_word' id='word_1_53' title='bbox 787 1187 938 1265; x_wconf 86' lang='lat' dir='ltr'><strong>agendum</strong></span> 
     </span>
     <span class='ocr_line' id='line_1_10' title="bbox 92 1283 923 1361; baseline 0.002 -20"><span class='ocrx_word' id='word_1_54' title='bbox 92 1291 214 1360; x_wconf 87' lang='lat' dir='ltr'><strong>propter</strong></span> <span class='ocrx_word' id='word_1_55' title='bbox 236 1289 396 1361; x_wconf 75' lang='lat' dir='ltr'><strong>egestatem</strong></span> <span class='ocrx_word' id='word_1_56' title='bbox 419 1283 538 1360; x_wconf 87' lang='lat' dir='ltr'><strong>liuguae</strong></span> <span class='ocrx_word' id='word_1_57' title='bbox 560 1289 592 1342; x_wconf 91' lang='lat' dir='ltr'><strong>et</strong></span> <span class='ocrx_word' id='word_1_58' title='bbox 612 1303 711 1342; x_wconf 89' lang='lat' dir='ltr'><strong>rerum</strong></span> <span class='ocrx_word' id='word_1_59' title='bbox 735 1284 902 1343; x_wconf 79' lang='lat' dir='ltr'><strong>novitatem</strong></span> <span class='ocrx_word' id='word_1_60' title='bbox 913 1306 923 1360; x_wconf 80' lang='lat'><em>3</em></span> 
     </span>
     <span class='ocr_line' id='line_1_11' title="bbox 93 1380 993 1459; baseline 0.002 -20"><span class='ocrx_word' id='word_1_61' title='bbox 93 1380 144 1439; x_wconf 88' lang='lat' dir='ltr'><strong>aed</strong></span> <span class='ocrx_word' id='word_1_62' title='bbox 164 1386 218 1439; x_wconf 90' lang='lat' dir='ltr'><strong>tua</strong></span> <span class='ocrx_word' id='word_1_63' title='bbox 238 1400 286 1439; x_wconf 87' lang='lat' dir='ltr'><strong>me</strong></span> <span class='ocrx_word' id='word_1_64' title='bbox 306 1381 404 1439; x_wconf 83' lang='lat' dir='ltr'><strong>virtus</strong></span> <span class='ocrx_word' id='word_1_65' title='bbox 426 1387 527 1439; x_wconf 89' lang='lat' dir='ltr'><strong>tamen</strong></span> <span class='ocrx_word' id='word_1_66' title='bbox 550 1386 582 1439; x_wconf 86' lang='lat' dir='ltr'><strong>et</strong></span> <span class='ocrx_word' id='word_1_67' title='bbox 601 1387 720 1457; x_wconf 86' lang='lat' dir='ltr'><strong>sperata</strong></span> <span class='ocrx_word' id='word_1_68' title='bbox 740 1381 879 1459; x_wconf 83' lang='lat' dir='ltr'><strong>voluptas</strong></span> <span class='ocrx_word' id='word_1_69' title='bbox 934 1382 993 1442; x_wconf 85' lang='lat'><strong>140</strong></span> 
     </span>
     <span class='ocr_line' id='line_1_12' title="bbox 92 1476 818 1556; baseline 0.006 -23"><span class='ocrx_word' id='word_1_70' title='bbox 92 1476 193 1534; x_wconf 85' lang='lat' dir='ltr'><strong>suavia</strong></span> <span class='ocrx_word' id='word_1_71' title='bbox 213 1476 361 1536; x_wconf 81' lang='lat' dir='ltr'><strong>amicitiae</strong></span> <span class='ocrx_word' id='word_1_72' title='bbox 384 1478 518 1556; x_wconf 89' lang='lat' dir='ltr'><strong>quemvis</strong></span> <span class='ocrx_word' id='word_1_73' title='bbox 541 1479 663 1537; x_wconf 84' lang='lat' dir='ltr'><strong>sufferre</strong></span> <span class='ocrx_word' id='word_1_74' title='bbox 686 1478 818 1537; x_wconf 85' lang='lat' dir='ltr'><strong>laborem</strong></span> 
     </span>
     <span class='ocr_line' id='line_1_13' title="bbox 91 1572 794 1651; baseline 0.006 -21"><span class='ocrx_word' id='word_1_75' title='bbox 91 1572 196 1631; x_wconf 82' lang='lat' dir='ltr'><strong>suadet</strong></span> <span class='ocrx_word' id='word_1_76' title='bbox 218 1580 250 1631; x_wconf 91' lang='lat' dir='ltr'><strong>et</strong></span> <span class='ocrx_word' id='word_1_77' title='bbox 271 1572 388 1632; x_wconf 83' lang='lat' dir='ltr'><strong>inducit</strong></span> <span class='ocrx_word' id='word_1_78' title='bbox 409 1580 511 1632; x_wconf 81' lang='lat' dir='ltr'><strong>noctes</strong></span> <span class='ocrx_word' id='word_1_79' title='bbox 532 1574 655 1651; x_wconf 88' lang='lat' dir='ltr'><strong>vigilare</strong></span> <span class='ocrx_word' id='word_1_80' title='bbox 675 1594 794 1634; x_wconf 87' lang='lat' dir='ltr'><strong>serenas</strong></span> 
     </span>
     <span class='ocr_line' id='line_1_14' title="bbox 93 1668 956 1748; baseline 0.008 -22"><span class='ocrx_word' id='word_1_81' title='bbox 93 1676 283 1747; x_wconf 85' lang='lat' dir='ltr'><strong>quaerentem</strong></span> <span class='ocrx_word' id='word_1_82' title='bbox 306 1668 394 1728; x_wconf 89' lang='lat' dir='ltr'><strong>dictis</strong></span> <span class='ocrx_word' id='word_1_83' title='bbox 415 1671 523 1748; x_wconf 84' lang='lat' dir='ltr'><strong>quibua</strong></span> <span class='ocrx_word' id='word_1_84' title='bbox 544 1677 576 1729; x_wconf 88' lang='lat' dir='ltr'><strong>et</strong></span> <span class='ocrx_word' id='word_1_85' title='bbox 596 1690 655 1748; x_wconf 93' lang='lat' dir='ltr'><strong>quc</strong></span> <span class='ocrx_word' id='word_1_86' title='bbox 679 1673 808 1731; x_wconf 85' lang='lat' dir='ltr'><strong>carmine</strong></span> <span class='ocrx_word' id='word_1_87' title='bbox 832 1672 956 1733; x_wconf 88' lang='lat' dir='ltr'><strong>demum</strong></span> 
     </span>
     <span class='ocr_line' id='line_1_15' title="bbox 92 1766 991 1845; baseline 0.003 -22"><span class='ocrx_word' id='word_1_88' title='bbox 92 1766 171 1824; x_wconf 84' lang='lat' dir='ltr'><strong>clara</strong></span> <span class='ocrx_word' id='word_1_89' title='bbox 194 1771 263 1824; x_wconf 82' lang='lat' dir='ltr'><strong>tuae</strong></span> <span class='ocrx_word' id='word_1_90' title='bbox 285 1766 394 1844; x_wconf 85' lang='lat' dir='ltr'><strong>possim</strong></span> <span class='ocrx_word' id='word_1_91' title='bbox 415 1767 613 1845; x_wconf 86' lang='lat' dir='ltr'><strong>praepandere</strong></span> <span class='ocrx_word' id='word_1_92' title='bbox 636 1767 750 1826; x_wconf 84' lang='lat' dir='ltr'><strong>lumina</strong></span> <span class='ocrx_word' id='word_1_93' title='bbox 769 1769 873 1842; x_wconf 87' lang='lat' dir='ltr'><strong>menti,</strong></span> <span class='ocrx_word' id='word_1_94' title='bbox 988 1794 991 1799; x_wconf 89' lang='lat'><strong>·</strong></span> 
     </span>
    </p>
   </div>
   <div class='ocr_carea' id='block_1_5' title="bbox 92 1865 991 1965">
    <p class='ocr_par' dir='ltr' id='par_1_6' title="bbox 92 1865 991 1965">
     <span class='ocr_line' id='line_1_16' title="bbox 92 1865 991 1965; baseline -0.002 -37"><span class='ocrx_word' id='word_1_95' title='bbox 92 1885 140 1928; x_wconf 78' lang='lat' dir='ltr'><strong>res</strong></span> <span class='ocrx_word' id='word_1_96' title='bbox 155 1865 263 1944; x_wconf 85' lang='lat' dir='ltr'><strong>quibus</strong></span> <span class='ocrx_word' id='word_1_97' title='bbox 282 1865 412 1924; x_wconf 87' lang='lat' dir='ltr'><strong>occultus</strong></span> <span class='ocrx_word' id='word_1_98' title='bbox 431 1865 551 1946; x_wconf 86' lang='lat' dir='ltr'><strong>penitus</strong></span> <span class='ocrx_word' id='word_1_99' title='bbox 570 1865 721 1923; x_wconf 84' lang='lat' dir='ltr'><strong>convisere</strong></span> <span class='ocrx_word' id='word_1_100' title='bbox 734 1865 841 1942; x_wconf 74' lang='lat' dir='ltr'><strong>&#39;poesia</strong></span> <span class='ocrx_word' id='word_1_101' title='bbox 907 1949 913 1965; x_wconf 40' lang='lat'><strong><em>¹</em></strong></span> <span class='ocrx_word' id='word_1_102' title='bbox 933 1868 991 1958; x_wconf 70' lang='lat'><strong>145</strong></span> 
     </span>
    </p>
   </div>
   <div class='ocr_carea' id='block_1_6' title="bbox 113 2070 966 2150">
    <p class='ocr_par' dir='ltr' id='par_1_7' title="bbox 113 2070 966 2150">
     <span class='ocr_line' id='line_1_17' title="bbox 113 2070 966 2150; baseline 0 -18"><span class='ocrx_word' id='word_1_103' title='bbox 113 2071 196 2132; x_wconf 62' lang='lat' dir='ltr'><strong>Fara</strong></span> <span class='ocrx_word' id='word_1_104' title='bbox 208 2070 283 2130; x_wconf 79' lang='lat' dir='ltr'><strong>Luw</strong></span> <span class='ocrx_word' id='word_1_105' title='bbox 295 2070 334 2147; x_wconf 89' lang='lat' dir='ltr'><strong>cf</strong></span> <span class='ocrx_word' id='word_1_106' title='bbox 340 2070 464 2132; x_wconf 77' lang='lat' dir='ltr'><strong>Nature.</strong></span> <span class='ocrx_word' id='word_1_107' title='bbox 506 2070 540 2129; x_wconf 87' lang='lat' dir='ltr'><em>N</em></span> <span class='ocrx_word' id='word_1_108' title='bbox 539 2070 638 2147; x_wconf 72' lang='lat' dir='ltr'><strong>citing</strong></span> <span class='ocrx_word' id='word_1_109' title='bbox 650 2071 678 2130; x_wconf 84' lang='lat' dir='ltr'><strong>is</strong></span> <span class='ocrx_word' id='word_1_110' title='bbox 691 2071 775 2131; x_wconf 81' lang='lat' dir='ltr'><strong>made</strong></span> <span class='ocrx_word' id='word_1_111' title='bbox 789 2070 826 2146; x_wconf 89' lang='lat' dir='ltr'><strong>os</strong></span> <span class='ocrx_word' id='word_1_112' title='bbox 832 2071 966 2150; x_wconf 71' lang='lat' dir='ltr'><strong>nothing.</strong></span> 
     </span>
    </p>
   </div>
   <div class='ocr_carea' id='block_1_7' title="bbox 18 2201 991 3445">
    <p class='ocr_par' dir='ltr' id='par_1_8' title="bbox 18 2201 991 3445">
     <span class='ocr_line' id='line_1_18' title="bbox 131 2201 961 2280; baseline 0 -17"><span class='ocrx_word' id='word_1_113' title='bbox 131 2203 223 2264; x_wconf 90' lang='lat' dir='ltr'><strong>Hunc</strong></span> <span class='ocrx_word' id='word_1_114' title='bbox 235 2202 329 2280; x_wconf 90' lang='lat' dir='ltr'><strong>igitur</strong></span> <span class='ocrx_word' id='word_1_115' title='bbox 341 2209 482 2261; x_wconf 84' lang='lat' dir='ltr'><strong>terrorem</strong></span> <span class='ocrx_word' id='word_1_116' title='bbox 496 2201 589 2260; x_wconf 85' lang='lat' dir='ltr'><strong>animi</strong></span> <span class='ocrx_word' id='word_1_117' title='bbox 602 2201 796 2280; x_wconf 86' lang='lat' dir='ltr'><strong>tenebrasque</strong></span> <span class='ocrx_word' id='word_1_118' title='bbox 808 2210 961 2264; x_wconf 82' lang='lat' dir='ltr'><strong>necessest</strong></span> 
     </span>
     <span class='ocr_line' id='line_1_19' title="bbox 90 2298 744 2378; baseline -0.005 -18"><span class='ocrx_word' id='word_1_119' title='bbox 90 2320 151 2360; x_wconf 91' lang='lat' dir='ltr'><strong>non</strong></span> <span class='ocrx_word' id='word_1_120' title='bbox 174 2300 252 2359; x_wconf 89' lang='lat' dir='ltr'><strong>radii</strong></span> <span class='ocrx_word' id='word_1_121' title='bbox 271 2300 342 2360; x_wconf 86' lang='lat' dir='ltr'><strong>solis</strong></span> <span class='ocrx_word' id='word_1_122' title='bbox 362 2319 458 2378; x_wconf 89' lang='lat' dir='ltr'><strong>neque</strong></span> <span class='ocrx_word' id='word_1_123' title='bbox 479 2299 578 2358; x_wconf 88' lang='lat' dir='ltr'><strong>lucida</strong></span> <span class='ocrx_word' id='word_1_124' title='bbox 597 2300 660 2358; x_wconf 88' lang='lat' dir='ltr'><strong>tela</strong></span> <span class='ocrx_word' id='word_1_125' title='bbox 683 2298 744 2357; x_wconf 92' lang='lat' dir='ltr'><strong>diei</strong></span> 
     </span>
     <span class='ocr_line' id='line_1_20' title="bbox 90 2397 776 2477; baseline -0.001 -20"><span class='ocrx_word' id='word_1_126' title='bbox 90 2397 262 2477; x_wconf 75' lang='lat' dir='ltr'><strong>discutiant,</strong></span> <span class='ocrx_word' id='word_1_127' title='bbox 283 2399 335 2456; x_wconf 85' lang='lat' dir='ltr'><strong>aed</strong></span> <span class='ocrx_word' id='word_1_128' title='bbox 352 2404 477 2456; x_wconf 88' lang='lat' dir='ltr'><strong>naturae</strong></span> <span class='ocrx_word' id='word_1_129' title='bbox 503 2398 614 2475; x_wconf 81' lang='lat' dir='ltr'><strong>species</strong></span> <span class='ocrx_word' id='word_1_130' title='bbox 634 2398 776 2475; x_wconf 80' lang='lat' dir='ltr'><strong>ratioque</strong></span> 
     </span>
     <span class='ocr_line' id='line_1_21' title="bbox 91 2495 841 2574; baseline 0 -20"><span class='ocrx_word' id='word_1_131' title='bbox 91 2495 270 2574; x_wconf 89' lang='lat' dir='ltr'><strong>principium</strong></span> <span class='ocrx_word' id='word_1_132' title='bbox 293 2496 378 2554; x_wconf 82' lang='lat' dir='ltr'><strong>cuius</strong></span> <span class='ocrx_word' id='word_1_133' title='bbox 400 2495 471 2554; x_wconf 88' lang='lat' dir='ltr'><strong>hinc</strong></span> <span class='ocrx_word' id='word_1_134' title='bbox 489 2496 575 2554; x_wconf 85' lang='lat' dir='ltr'><strong>nobis</strong></span> <span class='ocrx_word' id='word_1_135' title='bbox 595 2495 841 2568; x_wconf 82' lang='lat' dir='ltr'><strong>exordiasumet,</strong></span> 
     </span>
     <span class='ocr_line' id='line_1_22' title="bbox 91 2592 991 2669; baseline 0.001 -18"><span class='ocrx_word' id='word_1_136' title='bbox 91 2593 204 2651; x_wconf 87' lang='lat' dir='ltr'><strong>nullam</strong></span> <span class='ocrx_word' id='word_1_137' title='bbox 227 2612 289 2652; x_wconf 91' lang='lat' dir='ltr'><strong>rem</strong></span> <span class='ocrx_word' id='word_1_138' title='bbox 313 2612 330 2652; x_wconf 92' lang='lat' dir='ltr'><strong>e</strong></span> <span class='ocrx_word' id='word_1_139' title='bbox 351 2593 413 2650; x_wconf 88' lang='lat' dir='ltr'><strong>nilo</strong></span> <span class='ocrx_word' id='word_1_140' title='bbox 436 2593 518 2669; x_wconf 84' lang='lat' dir='ltr'><strong>gigni</strong></span> <span class='ocrx_word' id='word_1_141' title='bbox 539 2592 684 2651; x_wconf 88' lang='lat' dir='ltr'><strong>divinitus</strong></span> <span class='ocrx_word' id='word_1_142' title='bbox 705 2611 854 2668; x_wconf 89' lang='lat' dir='ltr'><strong>umquam.</strong></span> <span class='ocrx_word' id='word_1_143' title='bbox 933 2594 991 2653; x_wconf 79' lang='lat'><strong>150</strong></span> 
     </span>
     <span class='ocr_line' id='line_1_23' title="bbox 18 2686 842 2769; baseline -0.001 -21"><span class='ocrx_word' id='word_1_144' title='bbox 18 2686 20 2690; x_wconf 65' lang='grc'>’</span> <span class='ocrx_word' id='word_1_145' title='bbox 91 2691 200 2769; x_wconf 91' lang='lat' dir='ltr'><strong>quippe</strong></span> <span class='ocrx_word' id='word_1_146' title='bbox 220 2691 265 2749; x_wconf 86' lang='lat' dir='ltr'><strong>ita</strong></span> <span class='ocrx_word' id='word_1_147' title='bbox 283 2689 410 2749; x_wconf 81' lang='lat' dir='ltr'><strong>formido</strong></span> <span class='ocrx_word' id='word_1_148' title='bbox 430 2688 563 2748; x_wconf 84' lang='lat' dir='ltr'><strong>mortalis</strong></span> <span class='ocrx_word' id='word_1_149' title='bbox 584 2689 717 2748; x_wconf 90' lang='lat' dir='ltr'><strong>continet</strong></span> <span class='ocrx_word' id='word_1_150' title='bbox 736 2689 842 2761; x_wconf 81' lang='lat' dir='ltr'><strong>omnis,</strong></span> 
     </span>
     <span class='ocr_line' id='line_1_24' title="bbox 90 2782 838 2865; baseline -0.001 -21"><span class='ocrx_word' id='word_1_151' title='bbox 90 2787 169 2865; x_wconf 89' lang='lat' dir='ltr'><strong>quud</strong></span> <span class='ocrx_word' id='word_1_152' title='bbox 188 2787 284 2845; x_wconf 82' lang='lat' dir='ltr'><strong>multa</strong></span> <span class='ocrx_word' id='word_1_153' title='bbox 303 2787 334 2844; x_wconf 92' lang='lat' dir='ltr'><strong>in</strong></span> <span class='ocrx_word' id='word_1_154' title='bbox 357 2782 445 2844; x_wconf 83' lang='lat' dir='ltr'><strong>terris</strong></span> <span class='ocrx_word' id='word_1_155' title='bbox 467 2785 533 2844; x_wconf 90' lang='lat' dir='ltr'><strong>fieri</strong></span> <span class='ocrx_word' id='word_1_156' title='bbox 553 2784 690 2862; x_wconf 88' lang='lat' dir='ltr'><strong>caeloque</strong></span> <span class='ocrx_word' id='word_1_157' title='bbox 713 2791 838 2844; x_wconf 84' lang='lat' dir='ltr'><strong>tuentur</strong></span> 
     </span>
     <span class='ocr_line' id='line_1_25' title="bbox 90 2881 846 2960; baseline 0.001 -19"><span class='ocrx_word' id='word_1_158' title='bbox 90 2902 216 2960; x_wconf 89' lang='lat' dir='ltr'><strong>quorum</strong></span> <span class='ocrx_word' id='word_1_159' title='bbox 236 2902 358 2959; x_wconf 87' lang='lat' dir='ltr'><strong>operum</strong></span> <span class='ocrx_word' id='word_1_160' title='bbox 379 2901 481 2940; x_wconf 85' lang='lat' dir='ltr'><strong>causas</strong></span> <span class='ocrx_word' id='word_1_161' title='bbox 501 2881 585 2940; x_wconf 90' lang='lat' dir='ltr'><strong>nulla</strong></span> <span class='ocrx_word' id='word_1_162' title='bbox 607 2881 722 2941; x_wconf 86' lang='lat' dir='ltr'><strong>ratione</strong></span> <span class='ocrx_word' id='word_1_163' title='bbox 744 2882 846 2942; x_wconf 87' lang='lat' dir='ltr'><strong>videre</strong></span> 
     </span>
     <span class='ocr_line' id='line_1_26' title="bbox 91 2979 750 3057; baseline 0.005 -19"><span class='ocrx_word' id='word_1_164' title='bbox 91 2986 216 3057; x_wconf 87' lang='lat' dir='ltr'><strong>possunt</strong></span> <span class='ocrx_word' id='word_1_165' title='bbox 234 2999 269 3038; x_wconf 91' lang='lat' dir='ltr'><strong>ac</strong></span> <span class='ocrx_word' id='word_1_166' title='bbox 288 2979 354 3038; x_wconf 85' lang='lat' dir='ltr'><strong>fleri</strong></span> <span class='ocrx_word' id='word_1_167' title='bbox 373 2979 476 3038; x_wconf 87' lang='lat' dir='ltr'><strong>divino</strong></span> <span class='ocrx_word' id='word_1_168' title='bbox 494 2980 617 3038; x_wconf 87' lang='lat' dir='ltr'><strong>numine</strong></span> <span class='ocrx_word' id='word_1_169' title='bbox 637 2987 750 3041; x_wconf 84' lang='lat' dir='ltr'><strong>rentur.</strong></span> 
     </span>
     <span class='ocr_line' id='line_1_27' title="bbox 30 3076 991 3155; baseline 0.001 -15"><span class='ocrx_word' id='word_1_170' title='bbox 30 3099 68 3150; x_wconf 61' lang='grc' dir='ltr'><strong>ηε</strong></span> <span class='ocrx_word' id='word_1_171' title='bbox 91 3096 165 3155; x_wconf 86' lang='lat' dir='ltr'><strong>quas</strong></span> <span class='ocrx_word' id='word_1_172' title='bbox 185 3077 223 3135; x_wconf 92' lang='lat' dir='ltr'><strong>ob</strong></span> <span class='ocrx_word' id='word_1_173' title='bbox 242 3095 290 3135; x_wconf 91' lang='lat' dir='ltr'><strong>res</strong></span> <span class='ocrx_word' id='word_1_174' title='bbox 309 3077 361 3134; x_wconf 91' lang='lat' dir='ltr'><strong>ubi</strong></span> <span class='ocrx_word' id='word_1_175' title='bbox 380 3076 543 3137; x_wconf 84' lang='lat' dir='ltr'><strong>viderimus</strong></span> <span class='ocrx_word' id='word_1_176' title='bbox 562 3077 606 3135; x_wconf 91' lang='lat' dir='ltr'><strong>nil</strong></span> <span class='ocrx_word' id='word_1_177' title='bbox 627 3097 712 3155; x_wconf 84' lang='lat' dir='ltr'><strong>posse</strong></span> <span class='ocrx_word' id='word_1_178' title='bbox 734 3078 830 3138; x_wconf 90' lang='lat' dir='ltr'><strong>creari</strong></span> <span class='ocrx_word' id='word_1_179' title='bbox 933 3082 991 3143; x_wconf 78' lang='lat'><strong>15⁵</strong></span> 
     </span>
     <span class='ocr_line' id='line_1_28' title="bbox 91 3170 891 3250; baseline 0.009 -20"><span class='ocrx_word' id='word_1_180' title='bbox 91 3171 129 3230; x_wconf 90' lang='lat' dir='ltr'><strong>de</strong></span> <span class='ocrx_word' id='word_1_181' title='bbox 151 3170 222 3243; x_wconf 86' lang='lat' dir='ltr'><strong>nilo,</strong></span> <span class='ocrx_word' id='word_1_182' title='bbox 243 3175 310 3229; x_wconf 88' lang='lat' dir='ltr'><strong>tum</strong></span> <span class='ocrx_word' id='word_1_183' title='bbox 333 3171 411 3248; x_wconf 88' lang='lat' dir='ltr'><strong>quod</strong></span> <span class='ocrx_word' id='word_1_184' title='bbox 433 3172 583 3250; x_wconf 80' lang='lat' dir='ltr'><strong>sequimur</strong></span> <span class='ocrx_word' id='word_1_185' title='bbox 605 3173 665 3232; x_wconf 90' lang='lat' dir='ltr'><strong>iam</strong></span> <span class='ocrx_word' id='word_1_186' title='bbox 686 3175 796 3234; x_wconf 86' lang='lat' dir='ltr'><strong>rectius</strong></span> <span class='ocrx_word' id='word_1_187' title='bbox 819 3176 891 3237; x_wconf 86' lang='lat' dir='ltr'><strong>inde</strong></span> 
     </span>
     <span class='ocr_line' id='line_1_29' title="bbox 90 3266 921 3347; baseline 0.008 -23"><span class='ocrx_word' id='word_1_188' title='bbox 90 3266 306 3344; x_wconf 81' lang='lat' dir='ltr'><strong>perspiciemus,</strong></span> <span class='ocrx_word' id='word_1_189' title='bbox 328 3273 360 3325; x_wconf 88' lang='lat' dir='ltr'><strong>et</strong></span> <span class='ocrx_word' id='word_1_190' title='bbox 380 3267 459 3326; x_wconf 91' lang='lat' dir='ltr'><strong>unde</strong></span> <span class='ocrx_word' id='word_1_191' title='bbox 485 3275 575 3344; x_wconf 89' lang='lat' dir='ltr'><strong>queat</strong></span> <span class='ocrx_word' id='word_1_192' title='bbox 597 3289 644 3328; x_wconf 85' lang='lat' dir='ltr'><strong>res</strong></span> <span class='ocrx_word' id='word_1_193' title='bbox 666 3289 799 3347; x_wconf 88' lang='lat' dir='ltr'><strong>quaeque</strong></span> <span class='ocrx_word' id='word_1_194' title='bbox 824 3275 921 3333; x_wconf 85' lang='lat' dir='ltr'><strong>creari</strong></span> 
     </span>
     <span class='ocr_line' id='line_1_30' title="bbox 31 3365 894 3445; baseline 0.012 -25"><span class='ocrx_word' id='word_1_195' title='bbox 31 3391 66 3430; x_wconf 77' lang='lat'><strong>¹⁵⁵</strong></span> <span class='ocrx_word' id='word_1_196' title='bbox 91 3370 123 3423; x_wconf 88' lang='lat' dir='ltr'><strong>et</strong></span> <span class='ocrx_word' id='word_1_197' title='bbox 144 3381 202 3442; x_wconf 88' lang='lat' dir='ltr'><strong>quc</strong></span> <span class='ocrx_word' id='word_1_198' title='bbox 222 3382 356 3442; x_wconf 86' lang='lat' dir='ltr'><strong>quaeque</strong></span> <span class='ocrx_word' id='word_1_199' title='bbox 379 3365 466 3423; x_wconf 87' lang='lat' dir='ltr'><strong>modo</strong></span> <span class='ocrx_word' id='word_1_200' title='bbox 488 3368 563 3424; x_wconf 81' lang='lat' dir='ltr'><strong>fiant</strong></span> <span class='ocrx_word' id='word_1_201' title='bbox 585 3385 674 3445; x_wconf 85' lang='lat' dir='ltr'><strong>opera</strong></span> <span class='ocrx_word' id='word_1_202' title='bbox 694 3370 759 3427; x_wconf 85' lang='lat' dir='ltr'><strong>aine</strong></span> <span class='ocrx_word' id='word_1_203' title='bbox 782 3369 894 3433; x_wconf 84' lang='lat' dir='ltr'><strong>divom.</strong></span> 
     </span>
    </p>
   </div>
   <div class='ocr_carea' id='block_1_8' title="bbox 0 0 1104 3764">
    <p class='ocr_par' dir='ltr' id='par_1_9' title="bbox 0 0 1104 3764">
     <span class='ocr_line' id='line_1_31' title="bbox 0 0 1104 3764; baseline 0 0"><span class='ocrx_word' id='word_1_204' title='bbox 0 0 1104 3764; x_wconf 95' lang='lat' dir='ltr'><strong> </strong></span> 
     </span>
    </p>
   </div>
  </div>
 </body>
</html>
