2198 3764
64 203 106 265 16
408 206 610 267 :Lucum

66 372 235 431 corpoream
256 372 373 412 sursum
392 353 466 413 ferri
486 375 662 434 sursumque
681 375 798 431 meare;

66 469 104 508 ne
127 449 183 507 tibi
202 449 275 507 dent
295 448 329 507 in
349 468 384 508 eo
403 450 589 508 flammarum
610 468 731 527 eorpore
751 449 899 511 fraudem.

66 564 168 604 sursus
189 545 269 604 enim
290 565 393 605 versus
413 548 578 624 gignuntur
598 553 631 606 et
649 547 790 624 augmina
808 550 939 605 sumunt

66 649 98 700 et
117 662 234 701 sursum
255 642 369 701 nitidae
389 642 490 721 fruges
510 645 689 722 arbustaque
709 649 856 721 ereseunt,

65 740 204 817 pondera,
229 747 376 817 quantum
402 741 436 799 in
462 760 493 799 se
516 745 571 813 est,
597 759 665 799 eum
691 740 828 798 deorsum
857 743 970 797 cuncte

147 836 289 896 ferantur.

67 951 122 990 nee
141 952 209 991 eum
230 933 392 992 subsiliunt
411 932 495 1010 ignes
515 932 555 991 ad
574 937 655 991 tecta
675 931 829 990 domorum
911 931 967 991 191

68 1037 100 1090 et
121 1032 208 1090 eeleri
228 1032 348 1092 flamma
368 1030 529 1108 degrrstant
550 1031 634 1108 tigna
653 1031 817 1107 trabesque,
903 1038 905 1044 '

67 1136 172 1206 sponte
187 1149 242 1189 sue
259 1129 355 1190 faeere
371 1129 404 1188 id
424 1131 488 1188 sine
506 1149 538 1187 vr
528 1127 709 1206 subigente
725 1126 910 1204 putandum
906 1131 968 1185 est

67 1226 146 1302 quod
167 1246 260 1304 genus
281 1245 301 1285 e
318 1231 422 1285 nostro
442 1244 511 1283 eum
530 1224 637 1282 missus
658 1243 777 1301 eorpore
796 1223 922 1300 sanguis

68 1322 175 1413 emieat
195 1323 334 1381 exultans
355 1321 415 1380 alte
435 1320 605 1398 spargitque
625 1339 766 1382 eruorem.
910 1319 969 1379 195

66 1437 166 1478 nonne
186 1419 270 1477 vides
290 1419 381 1477 etiam
399 1423 511 1494 quanta
530 1418 562 1476 vi
581 1418 667 1495 tigna
686 1420 844 1493 trabesque

67 1520 188 1592 respuat
208 1534 293 1582 umor
314 1517 429 1590 aqueei
453 1533 523 1572 num
544 1533 603 1592 quo
624 1515 717 1591 magis
739 1514 870 1573 ursimus
893 1515 957 1572 alte

67 1614 188 1673 derecte
207 1621 239 1673 et
259 1633 367 1690 magna
386 1613 420 1671 vi
438 1613 528 1671 multi
546 1615 706 1690 pressimus
727 1633 823 1690 aegre,

67 1717 130 1770 tam
151 1711 257 1788 cupide
278 1730 395 1770 sursum
414 1711 542 1769 revomit
562 1711 657 1788 magis
677 1716 766 1788 atque
787 1710 929 1782 remittit,

67 1807 135 1884 plus
155 1813 192 1864 ut
211 1811 297 1883 parte
318 1806 399 1863 foras
419 1812 578 1882 emergant
592 1806 782 1883 exiliuntque.
909 1804 971 1865 200

68 1923 125 1962 nee
137 1910 239 1962 tamen
251 1903 332 1975 haee,
344 1908 490 1981 quantum
504 1903 595 1961 estin
608 1923 648 1976 se,
659 1903 839 1976 dubitamus,
850 1903 971 1980 opinor,

66 2002 143 2079 ‘quin
162 2021 290 2060 vacuum
310 2020 364 2078 per
384 2000 473 2058 inane
494 1999 630 2059 deorsum
652 2007 759 2060 cuneta
779 2001 928 2062 ferantur.

68 2099 111 2158 sie
130 2099 224 2177 igitur
242 2098 353 2157 debent
373 2098 508 2156 flammae
529 2118 645 2177 quoque
665 2117 750 2176 posse
770 2118 824 2176 per
845 2118 938 2158 auras

69 2196 146 2256 seris
166 2215 320 2273 expressae
337 2214 455 2254 sursum
476 2196 639 2270 succedere,
658 2215 837 2272 quamquam

68 2291 207 2370 pondere,
221 2296 367 2369 quantum
380 2291 413 2349 in
425 2296 493 2366 sest,
510 2290 646 2350 deorsum
660 2291 802 2350 dadueere
817 2297 974 2370 pugnent3

69 2372 287 2465 meumque
308 2388 386 2447 aas
406 2387 481 2446 eeu
504 2387 629 2445 sublime
650 2387 780 2445 vorante
911 2389 973 2447 206

69 2504 168 2544 nonne
188 2484 272 2543 vides
291 2483 394 2561 longos
415 2484 599 2542 flammarum
619 2482 727 2541 dueere
745 2486 863 2541 tractus

69 2582 103 2640 in
121 2601 320 2660 quascumque
341 2581 425 2640 dedit
445 2581 540 2660 partis
558 2588 667 2640 natura
688 2581 839 2640 meatumt

69 2697 131 2735 non
150 2678 254 2737 cadere
271 2679 304 2737 in
323 2684 434 2737 terrem
455 2678 557 2737 stellas
578 2682 609 2736 et
628 2677 727 2735 sidera
744 2676 862 2738 cernis?

71 2775 114 2833 sol
135 2776 226 2837 etiam
246 2775 319 2835 caeli
339 2775 378 2834 de
396 2775 509 2834 vertice
529 2774 654 2851 dissipet
674 2773 770 2832 omnis
911 2774 974 2834 210

70 2868 204 2929 ardorem
224 2871 258 2928 in
278 2871 373 2947 partis
393 2876 426 2928 et
446 2870 559 2928 lumine
580 2869 708 2927 conserit
728 2887 820 2943 arva3

71 2966 104 3023 in
124 2969 220 3023 terras
240 2965 334 3042 igitur
354 2984 471 3043 quoque
492 2965 562 3023 solis
583 2965 718 3042 vergitur
738 2964 851 3025 ardon*

60 3066 310 3135 ‘transversosque
331 3060 430 3118 volare
452 3078 506 3136 per
526 3059 630 3118 imbris
650 3059 779 3118 fulmina
801 3060 922 3123 eernisr

71 3173 151 3212 nune
172 3153 242 3210 hine
262 3172 343 3211 nune
364 3154 447 3211 illine
468 3153 589 3230 abrupti
609 3155 740 3212 nubibus
760 3154 846 3231 ignes

72 3254 267 3322 coneursaut5
289 3249 369 3306 eadit
390 3248 424 3305 in
443 3252 539 3306 terras
558 3249 605 3308 vis
626 3249 762 3308 flammea
783 3250 880 3326 volgu
912 3252 971 3310 215
