<?xml version="1.0" encoding="UTF-8"?>
<!DOCTYPE html PUBLIC "-//W3C//DTD XHTML 1.0 Transitional//EN"
    "http://www.w3.org/TR/xhtml1/DTD/xhtml1-transitional.dtd">
<html xmlns="http://www.w3.org/1999/xhtml" xml:lang="en" lang="en">
 <head>
  <title>
</title>
<meta http-equiv="Content-Type" content="text/html;charset=utf-8" />
  <meta name='ocr-system' content='tesseract 3.04.00' />
  <meta name='ocr-capabilities' content='ocr_page ocr_carea ocr_par ocr_line ocrx_word'/>
</head>
<body>
  <div class='ocr_page' id='page_1' title='image "./tlucreticarider00leegoog_0159.png"; bbox 0 0 2198 3764; ppageno 0'>
   <div class='ocr_carea' id='block_1_1' title="bbox 142 197 685 271">
    <p class='ocr_par' dir='ltr' id='par_1_1' title="bbox 142 197 685 271">
     <span class='ocr_line' id='line_1_1' title="bbox 142 197 685 271; baseline -0.004 -7"><span class='ocrx_word' id='word_1_1' title='bbox 142 198 199 264; x_wconf 81' lang='lat'><strong>108</strong></span> <span class='ocrx_word' id='word_1_2' title='bbox 475 197 685 271; x_wconf 67' lang='lat' dir='ltr'><strong>lusurus</strong></span> 
     </span>
    </p>
   </div>
   <div class='ocr_carea' id='block_1_2' title="bbox 138 343 1040 2174">
    <p class='ocr_par' dir='ltr' id='par_1_2' title="bbox 138 343 904 523">
     <span class='ocr_line' id='line_1_2' title="bbox 139 343 881 441; baseline 0.001 -34"><span class='ocrx_word' id='word_1_3' title='bbox 139 345 264 441; x_wconf 89' lang='lat' dir='ltr'><strong>quod</strong></span> <span class='ocrx_word' id='word_1_4' title='bbox 239 367 266 407; x_wconf 76' lang='grc' dir='ltr'>ει</span> <span class='ocrx_word' id='word_1_5' title='bbox 288 343 366 407; x_wconf 81' lang='lat' dir='ltr'><strong>forte</strong></span> <span class='ocrx_word' id='word_1_6' title='bbox 387 346 502 407; x_wconf 81' lang='lat' dir='ltr'><strong>animas</strong></span> <span class='ocrx_word' id='word_1_7' title='bbox 525 346 739 437; x_wconf 81' lang='lat' dir='ltr'><strong>extrinsecus</strong></span> <span class='ocrx_word' id='word_1_8' title='bbox 729 344 881 409; x_wconf 85' lang='lat' dir='ltr'><strong>msinuari</strong></span> 
     </span>
     <span class='ocr_line' id='line_1_3' title="bbox 138 429 904 523; baseline 0.003 -19"><span class='ocrx_word' id='word_1_9' title='bbox 138 444 290 505; x_wconf 78' lang='lat' dir='ltr'><strong>&#39;vermibus</strong></span> <span class='ocrx_word' id='word_1_10' title='bbox 308 429 340 505; x_wconf 81' lang='lat' dir='ltr'><strong>et</strong></span> <span class='ocrx_word' id='word_1_11' title='bbox 362 444 463 523; x_wconf 89' lang='lat' dir='ltr'><strong>privas</strong></span> <span class='ocrx_word' id='word_1_12' title='bbox 485 446 519 504; x_wconf 92' lang='lat' dir='ltr'><strong>in</strong></span> <span class='ocrx_word' id='word_1_13' title='bbox 543 465 664 523; x_wconf 85' lang='lat' dir='ltr'><strong>corpora</strong></span> <span class='ocrx_word' id='word_1_14' title='bbox 686 461 772 523; x_wconf 86' lang='lat' dir='ltr'><strong>posse</strong></span> <span class='ocrx_word' id='word_1_15' title='bbox 793 448 904 506; x_wconf 83' lang='lat' dir='ltr'><strong>venire</strong></span> 
     </span>
    </p>

    <p class='ocr_par' dir='ltr' id='par_1_3' title="bbox 139 541 1040 1105">
     <span class='ocr_line' id='line_1_4' title="bbox 139 541 967 620; baseline 0 -18"><span class='ocrx_word' id='word_1_16' title='bbox 139 541 234 602; x_wconf 84' lang='lat' dir='ltr'><strong>&#39;eredis</strong></span> <span class='ocrx_word' id='word_1_17' title='bbox 253 561 308 601; x_wconf 88' lang='lat' dir='ltr'><strong>nee</strong></span> <span class='ocrx_word' id='word_1_18' title='bbox 329 548 449 620; x_wconf 81' lang='lat' dir='ltr'><strong>reputas</strong></span> <span class='ocrx_word' id='word_1_19' title='bbox 472 560 525 601; x_wconf 86' lang='lat' dir='ltr'><strong>our</strong></span> <span class='ocrx_word' id='word_1_20' title='bbox 547 543 630 601; x_wconf 84' lang='lat' dir='ltr'><strong>milia</strong></span> <span class='ocrx_word' id='word_1_21' title='bbox 650 543 750 601; x_wconf 83' lang='lat' dir='ltr'><strong>multa</strong></span> <span class='ocrx_word' id='word_1_22' title='bbox 768 543 967 602; x_wconf 85' lang='lat' dir='ltr'><strong>animarum</strong></span> 
     </span>
     <span class='ocr_line' id='line_1_5' title="bbox 139 634 1040 715; baseline 0.002 -16"><span class='ocrx_word' id='word_1_23' title='bbox 139 639 319 699; x_wconf 81' lang='lat' dir='ltr'><strong>convenient</strong></span> <span class='ocrx_word' id='word_1_24' title='bbox 331 640 410 698; x_wconf 87' lang='lat' dir='ltr'><strong>unde</strong></span> <span class='ocrx_word' id='word_1_25' title='bbox 423 659 485 698; x_wconf 91' lang='lat' dir='ltr'><strong>una</strong></span> <span class='ocrx_word' id='word_1_26' title='bbox 497 640 662 715; x_wconf 67' lang='lat' dir='ltr'><strong>recesserit&#39;</strong></span> <span class='ocrx_word' id='word_1_27' title='bbox 674 640 730 700; x_wconf 90' lang='lat' dir='ltr'><strong>hoo</strong></span> <span class='ocrx_word' id='word_1_28' title='bbox 744 634 846 701; x_wconf 81' lang='lat' dir='ltr'><strong>tamen</strong></span> <span class='ocrx_word' id='word_1_29' title='bbox 860 648 909 701; x_wconf 87' lang='lat' dir='ltr'><strong>est</strong></span> <span class='ocrx_word' id='word_1_30' title='bbox 922 647 968 701; x_wconf 84' lang='lat' dir='ltr'><strong>ut·</strong></span> <span class='ocrx_word' id='word_1_31' title='bbox 987 642 1040 703; x_wconf 82' lang='lat'><strong>725</strong></span> 
     </span>
     <span class='ocr_line' id='line_1_6' title="bbox 139 736 976 816; baseline 0.002 -21"><span class='ocrx_word' id='word_1_32' title='bbox 139 737 340 814; x_wconf 80' lang='lat' dir='ltr'><strong>quaerendum</strong></span> <span class='ocrx_word' id='word_1_33' title='bbox 360 736 499 795; x_wconf 82' lang='lat' dir='ltr'><strong>videatur</strong></span> <span class='ocrx_word' id='word_1_34' title='bbox 520 737 605 797; x_wconf 90' lang='lat' dir='ltr'><strong>etin</strong></span> <span class='ocrx_word' id='word_1_35' title='bbox 623 738 784 797; x_wconf 75' lang='lat' dir='ltr'><strong>discrimen</strong></span> <span class='ocrx_word' id='word_1_36' title='bbox 807 740 976 816; x_wconf 62' lang='lat' dir='ltr'><strong>agendum,v</strong></span> 
     </span>
     <span class='ocr_line' id='line_1_7' title="bbox 139 833 997 913; baseline 0.002 -21"><span class='ocrx_word' id='word_1_37' title='bbox 139 839 242 892; x_wconf 88' lang='lat' dir='ltr'><strong>utrum</strong></span> <span class='ocrx_word' id='word_1_38' title='bbox 265 833 387 892; x_wconf 88' lang='lat' dir='ltr'><strong>tandem</strong></span> <span class='ocrx_word' id='word_1_39' title='bbox 410 834 529 892; x_wconf 85' lang='lat' dir='ltr'><strong>animae</strong></span> <span class='ocrx_word' id='word_1_40' title='bbox 549 841 697 893; x_wconf 73' lang='lat' dir='ltr'><strong>venentur</strong></span> <span class='ocrx_word' id='word_1_41' title='bbox 718 834 831 893; x_wconf 83' lang='lat' dir='ltr'><strong>semina</strong></span> <span class='ocrx_word' id='word_1_42' title='bbox 855 854 997 913; x_wconf 85' lang='lat' dir='ltr'><strong>quaeque</strong></span> 
     </span>
     <span class='ocr_line' id='line_1_8' title="bbox 139 930 979 1008; baseline 0.004 -20"><span class='ocrx_word' id='word_1_43' title='bbox 139 930 368 1002; x_wconf 78' lang='lat' dir='ltr'><strong>vermioulorum</strong></span> <span class='ocrx_word' id='word_1_44' title='bbox 386 930 525 1008; x_wconf 82' lang='lat' dir='ltr'><strong>ipsaeque</strong></span> <span class='ocrx_word' id='word_1_45' title='bbox 542 931 600 989; x_wconf 85' lang='lat' dir='ltr'><strong>sibi</strong></span> <span class='ocrx_word' id='word_1_46' title='bbox 620 931 804 990; x_wconf 80' lang='lat' dir='ltr'><strong>iubrioentur</strong></span> <span class='ocrx_word' id='word_1_47' title='bbox 826 932 882 990; x_wconf 89' lang='lat' dir='ltr'><strong>ubi</strong></span> <span class='ocrx_word' id='word_1_48' title='bbox 905 934 979 1007; x_wconf 80' lang='lat' dir='ltr'><strong>sint,</strong></span> 
     </span>
     <span class='ocr_line' id='line_1_9' title="bbox 140 1026 868 1105; baseline 0.003 -19"><span class='ocrx_word' id='word_1_49' title='bbox 140 1048 180 1086; x_wconf 85' lang='lat' dir='ltr'><strong>an</strong></span> <span class='ocrx_word' id='word_1_50' title='bbox 202 1028 287 1105; x_wconf 77' lang='lat' dir='ltr'><strong>quasi</strong></span> <span class='ocrx_word' id='word_1_51' title='bbox 311 1026 482 1104; x_wconf 81' lang='lat' dir='ltr'><strong>corporibus</strong></span> <span class='ocrx_word' id='word_1_52' title='bbox 505 1027 647 1104; x_wconf 78' lang='lat' dir='ltr'><strong>perfectis</strong></span> <span class='ocrx_word' id='word_1_53' title='bbox 667 1027 868 1088; x_wconf 75' lang='lat' dir='ltr'><strong>insinuentur.</strong></span> 
     </span>
    </p>

    <p class='ocr_par' dir='ltr' id='par_1_4' title="bbox 139 1123 1036 1394">
     <span class='ocr_line' id='line_1_10' title="bbox 139 1123 1036 1200; baseline 0.002 -19"><span class='ocrx_word' id='word_1_54' title='bbox 139 1132 173 1181; x_wconf 85' lang='lat' dir='ltr'><strong>at</strong></span> <span class='ocrx_word' id='word_1_55' title='bbox 193 1143 288 1200; x_wconf 89' lang='lat' dir='ltr'><strong>neque</strong></span> <span class='ocrx_word' id='word_1_56' title='bbox 310 1140 364 1182; x_wconf 89' lang='lat' dir='ltr'><strong>eur</strong></span> <span class='ocrx_word' id='word_1_57' title='bbox 385 1123 497 1181; x_wconf 75' lang='lat' dir='ltr'><strong>fatiant</strong></span> <span class='ocrx_word' id='word_1_58' title='bbox 517 1124 599 1200; x_wconf 85' lang='lat' dir='ltr'><strong>ipsae</strong></span> <span class='ocrx_word' id='word_1_59' title='bbox 621 1142 749 1200; x_wconf 81' lang='lat' dir='ltr'><strong>quareve</strong></span> <span class='ocrx_word' id='word_1_60' title='bbox 766 1123 907 1184; x_wconf 85' lang='lat' dir='ltr'><strong>laborent</strong></span> <span class='ocrx_word' id='word_1_61' title='bbox 983 1124 1036 1187; x_wconf 79' lang='lat'><strong>730</strong></span> 
     </span>
     <span class='ocr_line' id='line_1_11' title="bbox 139 1220 1036 1299; baseline 0.004 -21"><span class='ocrx_word' id='word_1_62' title='bbox 139 1221 237 1296; x_wconf 82' lang='lat' dir='ltr'><strong>dicere</strong></span> <span class='ocrx_word' id='word_1_63' title='bbox 250 1220 429 1298; x_wconf 82' lang='lat' dir='ltr'><strong>suppeditat.</strong></span> <span class='ocrx_word' id='word_1_64' title='bbox 444 1239 540 1298; x_wconf 89' lang='lat' dir='ltr'><strong>neque</strong></span> <span class='ocrx_word' id='word_1_65' title='bbox 554 1221 643 1293; x_wconf 84' lang='lat' dir='ltr'><strong>enim,</strong></span> <span class='ocrx_word' id='word_1_66' title='bbox 658 1221 722 1280; x_wconf 80' lang='lat' dir='ltr'><strong>sine</strong></span> <span class='ocrx_word' id='word_1_67' title='bbox 736 1240 858 1299; x_wconf 81' lang='lat' dir='ltr'><strong>corpore</strong></span> <span class='ocrx_word' id='word_1_68' title='bbox 871 1241 944 1280; x_wconf 84' lang='lat' dir='ltr'><strong>oum</strong></span> <span class='ocrx_word' id='word_1_69' title='bbox 961 1229 1036 1295; x_wconf 80' lang='lat' dir='ltr'><strong>suut,¹</strong></span> 
     </span>
     <span class='ocr_line' id='line_1_12' title="bbox 140 1314 898 1394; baseline 0 -19"><span class='ocrx_word' id='word_1_70' title='bbox 140 1317 284 1376; x_wconf 76' lang='lat' dir='ltr'><strong>sollicitae</strong></span> <span class='ocrx_word' id='word_1_71' title='bbox 305 1316 435 1375; x_wconf 86' lang='lat' dir='ltr'><strong>volitant</strong></span> <span class='ocrx_word' id='word_1_72' title='bbox 458 1315 570 1374; x_wconf 80' lang='lat' dir='ltr'><strong>morbis</strong></span> <span class='ocrx_word' id='word_1_73' title='bbox 591 1314 719 1392; x_wconf 78' lang='lat' dir='ltr'><strong>alguque</strong></span> <span class='ocrx_word' id='word_1_74' title='bbox 740 1317 877 1394; x_wconf 85' lang='lat' dir='ltr'><strong>fameque</strong></span> <span class='ocrx_word' id='word_1_75' title='bbox 887 1335 898 1392; x_wconf 78' lang='lat'>3</span> 
     </span>
    </p>

    <p class='ocr_par' dir='ltr' id='par_1_5' title="bbox 139 1412 899 1492">
     <span class='ocr_line' id='line_1_13' title="bbox 139 1412 899 1492; baseline 0 -19"><span class='ocrx_word' id='word_1_76' title='bbox 139 1431 247 1492; x_wconf 83' lang='lat' dir='ltr'><strong>eorpus</strong></span> <span class='ocrx_word' id='word_1_77' title='bbox 264 1414 343 1472; x_wconf 88' lang='lat' dir='ltr'><strong>enim</strong></span> <span class='ocrx_word' id='word_1_78' title='bbox 368 1413 463 1490; x_wconf 86' lang='lat' dir='ltr'><strong>magis</strong></span> <span class='ocrx_word' id='word_1_79' title='bbox 483 1412 531 1471; x_wconf 85' lang='lat' dir='ltr'><strong>his</strong></span> <span class='ocrx_word' id='word_1_80' title='bbox 552 1412 637 1471; x_wconf 88' lang='lat' dir='ltr'><strong>vitiis</strong></span> <span class='ocrx_word' id='word_1_81' title='bbox 659 1413 757 1472; x_wconf 88' lang='lat' dir='ltr'><strong>adfine</strong></span> <span class='ocrx_word' id='word_1_82' title='bbox 780 1414 899 1473; x_wconf 82' lang='lat' dir='ltr'><strong>laborat</strong></span> 
     </span>
    </p>

    <p class='ocr_par' dir='ltr' id='par_1_6' title="bbox 140 1509 941 1588">
     <span class='ocr_line' id='line_1_14' title="bbox 140 1509 941 1588; baseline 0 -17"><span class='ocrx_word' id='word_1_83' title='bbox 140 1518 172 1571; x_wconf 86' lang='lat' dir='ltr'><strong>et</strong></span> <span class='ocrx_word' id='word_1_84' title='bbox 194 1511 273 1569; x_wconf 89' lang='lat' dir='ltr'><strong>mala</strong></span> <span class='ocrx_word' id='word_1_85' title='bbox 292 1511 389 1570; x_wconf 84' lang='lat' dir='ltr'><strong>multa</strong></span> <span class='ocrx_word' id='word_1_86' title='bbox 412 1509 530 1568; x_wconf 86' lang='lat' dir='ltr'><strong>animus</strong></span> <span class='ocrx_word' id='word_1_87' title='bbox 553 1518 677 1587; x_wconf 82' lang='lat' dir='ltr'><strong>contege</strong></span> <span class='ocrx_word' id='word_1_88' title='bbox 701 1510 840 1588; x_wconf 84' lang='lat' dir='ltr'><strong>iungitur</strong></span> <span class='ocrx_word' id='word_1_89' title='bbox 863 1512 941 1571; x_wconf 86' lang='lat' dir='ltr'><strong>eius.</strong></span> 
     </span>
    </p>

    <p class='ocr_par' dir='ltr' id='par_1_7' title="bbox 138 1608 1037 2174">
     <span class='ocr_line' id='line_1_15' title="bbox 140 1608 1034 1692; baseline -0.001 -23"><span class='ocrx_word' id='word_1_90' title='bbox 140 1611 193 1669; x_wconf 89' lang='lat' dir='ltr'><strong>sed</strong></span> <span class='ocrx_word' id='word_1_91' title='bbox 216 1616 317 1668; x_wconf 85' lang='lat' dir='ltr'><strong>tamen</strong></span> <span class='ocrx_word' id='word_1_92' title='bbox 337 1608 385 1667; x_wconf 84' lang='lat' dir='ltr'><strong>his</strong></span> <span class='ocrx_word' id='word_1_93' title='bbox 402 1613 466 1667; x_wconf 81' lang='lat' dir='ltr'><strong>esto</strong></span> <span class='ocrx_word' id='word_1_94' title='bbox 487 1610 625 1692; x_wconf 76' lang='lat' dir='ltr'><strong>quanvis</strong></span> <span class='ocrx_word' id='word_1_95' title='bbox 640 1608 738 1667; x_wconf 84' lang='lat' dir='ltr'><strong>faeere</strong></span> <span class='ocrx_word' id='word_1_96' title='bbox 751 1609 827 1668; x_wconf 82' lang='lat' dir='ltr'><strong>utile</strong></span> <span class='ocrx_word' id='word_1_97' title='bbox 848 1628 965 1687; x_wconf 85' lang='lat' dir='ltr'><strong>eorpus,</strong></span> <span class='ocrx_word' id='word_1_98' title='bbox 981 1608 1034 1671; x_wconf 75' lang='lat'><strong>⁷35</strong></span> 
     </span>
     <span class='ocr_line' id='line_1_16' title="bbox 141 1707 976 1789; baseline 0 -22"><span class='ocrx_word' id='word_1_99' title='bbox 141 1729 209 1767; x_wconf 89' lang='lat' dir='ltr'><strong>oum</strong></span> <span class='ocrx_word' id='word_1_100' title='bbox 231 1707 376 1782; x_wconf 81' lang='lat' dir='ltr'><strong>subeant3</strong></span> <span class='ocrx_word' id='word_1_101' title='bbox 397 1712 431 1765; x_wconf 87' lang='lat' dir='ltr'><strong>at</strong></span> <span class='ocrx_word' id='word_1_102' title='bbox 453 1726 513 1784; x_wconf 87' lang='lat' dir='ltr'><strong>qua</strong></span> <span class='ocrx_word' id='word_1_103' title='bbox 534 1707 721 1789; x_wconf 24' lang='lat' dir='ltr'><strong>possintlvia</strong></span> <span class='ocrx_word' id='word_1_104' title='bbox 741 1707 825 1766; x_wconf 84' lang='lat' dir='ltr'><strong>nulla</strong></span> <span class='ocrx_word' id='word_1_105' title='bbox 845 1708 976 1768; x_wconf 86' lang='lat' dir='ltr'><strong>videtur.</strong></span> 
     </span>
     <span class='ocr_line' id='line_1_17' title="bbox 140 1796 1005 1883; baseline 0.001 -18"><span class='ocrx_word' id='word_1_106' title='bbox 140 1808 215 1865; x_wconf 85' lang='lat' dir='ltr'><strong>haut</strong></span> <span class='ocrx_word' id='word_1_107' title='bbox 237 1805 331 1882; x_wconf 82' lang='lat' dir='ltr'><strong>igitur</strong></span> <span class='ocrx_word' id='word_1_108' title='bbox 353 1796 470 1863; x_wconf 80' lang='lat' dir='ltr'><strong>iaciunt</strong></span> <span class='ocrx_word' id='word_1_109' title='bbox 492 1806 609 1864; x_wconf 86' lang='lat' dir='ltr'><strong>animae</strong></span> <span class='ocrx_word' id='word_1_110' title='bbox 631 1805 691 1864; x_wconf 86' lang='lat' dir='ltr'><strong>sibi</strong></span> <span class='ocrx_word' id='word_1_111' title='bbox 710 1825 833 1883; x_wconf 84' lang='lat' dir='ltr'><strong>eorpora</strong></span> <span class='ocrx_word' id='word_1_112' title='bbox 856 1811 889 1866; x_wconf 86' lang='lat' dir='ltr'><strong>et</strong></span> <span class='ocrx_word' id='word_1_113' title='bbox 912 1813 1005 1866; x_wconf 82' lang='lat' dir='ltr'><strong>artus.</strong></span> 
     </span>
     <span class='ocr_line' id='line_1_18' title="bbox 138 1901 864 1978; baseline 0 -17"><span class='ocrx_word' id='word_1_114' title='bbox 138 1916 196 1962; x_wconf 83' lang='lat' dir='ltr'><strong>nee</strong></span> <span class='ocrx_word' id='word_1_115' title='bbox 216 1908 318 1968; x_wconf 81' lang='lat' dir='ltr'><strong>tamen</strong></span> <span class='ocrx_word' id='word_1_116' title='bbox 335 1907 382 1959; x_wconf 84' lang='lat' dir='ltr'><strong>est</strong></span> <span class='ocrx_word' id='word_1_117' title='bbox 402 1901 491 1978; x_wconf 88' lang='lat' dir='ltr'><strong>utqui</strong></span> <span class='ocrx_word' id='word_1_118' title='bbox 511 1901 652 1978; x_wconf 83' lang='lat' dir='ltr'><strong>perfectis</strong></span> <span class='ocrx_word' id='word_1_119' title='bbox 672 1903 864 1962; x_wconf 83' lang='lat' dir='ltr'><strong>insinuentur</strong></span> 
     </span>
     <span class='ocr_line' id='line_1_19' title="bbox 140 1999 987 2078; baseline 0.004 -20"><span class='ocrx_word' id='word_1_120' title='bbox 140 1999 331 2077; x_wconf 80' lang='lat' dir='ltr'><strong>corporibus3</strong></span> <span class='ocrx_word' id='word_1_121' title='bbox 359 2018 455 2075; x_wconf 88' lang='lat' dir='ltr'><strong>neque</strong></span> <span class='ocrx_word' id='word_1_122' title='bbox 478 1999 558 2058; x_wconf 89' lang='lat' dir='ltr'><strong>enim</strong></span> <span class='ocrx_word' id='word_1_123' title='bbox 581 2006 724 2076; x_wconf 85' lang='lat' dir='ltr'><strong>poterunt</strong></span> <span class='ocrx_word' id='word_1_124' title='bbox 746 2001 901 2078; x_wconf 85' lang='lat' dir='ltr'><strong>suptiliter</strong></span> <span class='ocrx_word' id='word_1_125' title='bbox 923 2022 987 2062; x_wconf 85' lang='lat' dir='ltr'><strong>esse</strong></span> 
     </span>
     <span class='ocr_line' id='line_1_20' title="bbox 140 2097 1037 2174; baseline 0.003 -19"><span class='ocrx_word' id='word_1_126' title='bbox 140 2114 389 2174; x_wconf 83' lang='lat' dir='ltr'><strong>conexaeneque</strong></span> <span class='ocrx_word' id='word_1_127' title='bbox 410 2111 569 2155; x_wconf 77' lang='lat' dir='ltr'><strong>consensus</strong></span> <span class='ocrx_word' id='word_1_128' title='bbox 589 2098 726 2173; x_wconf 74' lang='lat' dir='ltr'><strong>contagia</strong></span> <span class='ocrx_word' id='word_1_129' title='bbox 746 2097 828 2156; x_wconf 68' lang='lat' dir='ltr'><strong>fient·</strong></span> <span class='ocrx_word' id='word_1_130' title='bbox 982 2100 1037 2161; x_wconf 77' lang='lat'><strong>740</strong></span> 
     </span>
    </p>
   </div>
   <div class='ocr_carea' id='block_1_3' title="bbox 141 2258 1038 2436">
    <p class='ocr_par' dir='ltr' id='par_1_8' title="bbox 141 2258 1038 2436">
     <span class='ocr_line' id='line_1_21' title="bbox 141 2258 1038 2342; baseline 0.008 -23"><span class='ocrx_word' id='word_1_131' title='bbox 141 2260 252 2342; x_wconf 61' lang='lat' dir='ltr'><strong>(xxiv)</strong></span> <span class='ocrx_word' id='word_1_132' title='bbox 282 2261 359 2319; x_wconf 82' lang='lat' dir='ltr'><strong>How</strong></span> <span class='ocrx_word' id='word_1_133' title='bbox 384 2258 413 2320; x_wconf 83' lang='lat' dir='ltr'><strong>ie</strong></span> <span class='ocrx_word' id='word_1_134' title='bbox 442 2258 632 2321; x_wconf 62' lang='lat' dir='ltr'><strong>mtertanee‘</strong></span> <span class='ocrx_word' id='word_1_135' title='bbox 648 2259 686 2337; x_wconf 87' lang='lat' dir='ltr'><strong>of</strong></span> <span class='ocrx_word' id='word_1_136' title='bbox 705 2261 853 2322; x_wconf 75' lang='lat' dir='ltr'><strong>character</strong></span> <span class='ocrx_word' id='word_1_137' title='bbox 881 2271 911 2336; x_wconf 81' lang='lat' dir='ltr'><strong>to</strong></span> <span class='ocrx_word' id='word_1_138' title='bbox 939 2265 971 2326; x_wconf 78' lang='lat' dir='ltr'><strong>be</strong></span> <span class='ocrx_word' id='word_1_139' title='bbox 996 2286 1038 2325; x_wconf 71' lang='lat' dir='ltr'><strong>se</strong></span> 
     </span>
     <span class='ocr_line' id='line_1_22' title="bbox 268 2358 902 2436; baseline 0.005 -18"><span class='ocrx_word' id='word_1_140' title='bbox 268 2358 402 2436; x_wconf 77' lang='lat' dir='ltr'><strong>plained,</strong></span> <span class='ocrx_word' id='word_1_141' title='bbox 416 2358 606 2428; x_wconf 66' lang='lat' dir='ltr'><strong>mkeaeords</strong></span> <span class='ocrx_word' id='word_1_142' title='bbox 619 2359 902 2436; x_wconf 75' lang='lat' dir='ltr'><strong>oomesromseeds?</strong></span> 
     </span>
    </p>
   </div>
   <div class='ocr_carea' id='block_1_4' title="bbox 139 2478 980 2701">
    <p class='ocr_par' dir='ltr' id='par_1_9' title="bbox 139 2478 980 2656">
     <span class='ocr_line' id='line_1_23' title="bbox 179 2478 913 2558; baseline 0.004 -19"><span class='ocrx_word' id='word_1_143' title='bbox 179 2480 318 2558; x_wconf 90' lang='lat' dir='ltr'><strong>Denique</strong></span> <span class='ocrx_word' id='word_1_144' title='bbox 340 2498 394 2538; x_wconf 87' lang='lat' dir='ltr'><strong>our</strong></span> <span class='ocrx_word' id='word_1_145' title='bbox 416 2478 493 2536; x_wconf 86' lang='lat' dir='ltr'><strong>aeris</strong></span> <span class='ocrx_word' id='word_1_146' title='bbox 516 2478 660 2538; x_wconf 86' lang='lat' dir='ltr'><strong>violentia</strong></span> <span class='ocrx_word' id='word_1_147' title='bbox 684 2479 771 2539; x_wconf 84' lang='lat' dir='ltr'><strong>triste</strong></span> <span class='ocrx_word' id='word_1_148' title='bbox 788 2480 913 2542; x_wconf 90' lang='lat' dir='ltr'><strong>leonum</strong></span> 
     </span>
     <span class='ocr_line' id='line_1_24' title="bbox 139 2576 980 2701; baseline 0.004 -64"><span class='ocrx_word' id='word_1_149' title='bbox 139 2579 296 2638; x_wconf 83' lang='lat' dir='ltr'><strong>seminium</strong></span> <span class='ocrx_word' id='word_1_150' title='bbox 320 2577 465 2655; x_wconf 82' lang='lat' dir='ltr'><strong>sequitur,</strong></span> <span class='ocrx_word' id='word_1_151' title='bbox 484 2576 587 2701; x_wconf 87' lang='lat' dir='ltr'><strong>volpes</strong></span> <span class='ocrx_word' id='word_1_152' title='bbox 606 2577 700 2650; x_wconf 84' lang='lat' dir='ltr'><strong>dolns,</strong></span> <span class='ocrx_word' id='word_1_153' title='bbox 721 2583 753 2636; x_wconf 87' lang='lat' dir='ltr'><strong>et</strong></span> <span class='ocrx_word' id='word_1_154' title='bbox 767 2577 840 2656; x_wconf 75' lang='lat' dir='ltr'><strong>luga</strong></span> <span class='ocrx_word' id='word_1_155' title='bbox 863 2599 980 2656; x_wconf 81' lang='lat' dir='ltr'><strong>cervos,</strong></span> 
     </span>
    </p>
   </div>
   <div class='ocr_carea' id='block_1_5' title="bbox 136 2770 1042 3438">
    <p class='ocr_par' dir='ltr' id='par_1_10' title="bbox 139 2770 981 2850">
     <span class='ocr_line' id='line_1_25' title="bbox 139 2770 981 2850; baseline 0.006 -18"><span class='ocrx_word' id='word_1_156' title='bbox 139 2773 249 2842; x_wconf 85' lang='lat' dir='ltr'><strong>etrum</strong></span> <span class='ocrx_word' id='word_1_157' title='bbox 267 2778 366 2832; x_wconf 85' lang='lat' dir='ltr'><strong>oetera</strong></span> <span class='ocrx_word' id='word_1_158' title='bbox 386 2773 423 2832; x_wconf 91' lang='lat' dir='ltr'><strong>de</strong></span> <span class='ocrx_word' id='word_1_159' title='bbox 440 2789 547 2850; x_wconf 86' lang='lat' dir='ltr'><strong>genere</strong></span> <span class='ocrx_word' id='word_1_160' title='bbox 564 2770 620 2830; x_wconf 86' lang='lat' dir='ltr'><strong>hoo</strong></span> <span class='ocrx_word' id='word_1_161' title='bbox 638 2790 692 2830; x_wconf 86' lang='lat' dir='ltr'><strong>our</strong></span> <span class='ocrx_word' id='word_1_162' title='bbox 711 2772 812 2831; x_wconf 86' lang='lat' dir='ltr'><strong>omnia</strong></span> <span class='ocrx_word' id='word_1_163' title='bbox 833 2777 981 2837; x_wconf 86' lang='lat' dir='ltr'><strong>membris</strong></span> 
     </span>
    </p>

    <p class='ocr_par' dir='ltr' id='par_1_11' title="bbox 139 2867 1042 3043">
     <span class='ocr_line' id='line_1_26' title="bbox 139 2867 1042 2947; baseline -0.003 -17"><span class='ocrx_word' id='word_1_164' title='bbox 139 2890 178 2931; x_wconf 84' lang='lat' dir='ltr'><strong>ex</strong></span> <span class='ocrx_word' id='word_1_165' title='bbox 198 2871 335 2935; x_wconf 89' lang='lat' dir='ltr'><strong>ineunte</strong></span> <span class='ocrx_word' id='word_1_166' title='bbox 343 2888 416 2928; x_wconf 87' lang='lat' dir='ltr'><strong>aevo</strong></span> <span class='ocrx_word' id='word_1_167' title='bbox 439 2867 665 2947; x_wconf 75' lang='lat' dir='ltr'><strong>generascunt</strong></span> <span class='ocrx_word' id='word_1_168' title='bbox 654 2869 843 2946; x_wconf 74' lang='lat' dir='ltr'><strong>ingenioque,</strong></span> <span class='ocrx_word' id='word_1_169' title='bbox 903 2936 905 2940; x_wconf 10' lang='lat'>³</span> <span class='ocrx_word' id='word_1_170' title='bbox 987 2875 1042 2938; x_wconf 78' lang='grc'><strong>745</strong></span> 
     </span>
     <span class='ocr_line' id='line_1_27' title="bbox 139 2963 845 3043; baseline -0.001 -18"><span class='ocrx_word' id='word_1_171' title='bbox 139 2968 166 3025; x_wconf 82' lang='lat' dir='ltr'><strong>ei</strong></span> <span class='ocrx_word' id='word_1_172' title='bbox 185 2987 254 3038; x_wconf 85' lang='lat' dir='ltr'><strong>non,</strong></span> <span class='ocrx_word' id='word_1_173' title='bbox 276 2971 357 3024; x_wconf 82' lang='lat' dir='ltr'><strong>certa</strong></span> <span class='ocrx_word' id='word_1_174' title='bbox 375 2984 429 3024; x_wconf 84' lang='lat' dir='ltr'><strong>suo</strong></span> <span class='ocrx_word' id='word_1_175' title='bbox 447 2963 518 3042; x_wconf 86' lang='lat' dir='ltr'><strong>quia</strong></span> <span class='ocrx_word' id='word_1_176' title='bbox 535 2963 647 3023; x_wconf 89' lang='lat' dir='ltr'><strong>semine</strong></span> <span class='ocrx_word' id='word_1_177' title='bbox 662 2965 845 3043; x_wconf 88' lang='lat' dir='ltr'><strong>seminioque</strong></span> 
     </span>
    </p>

    <p class='ocr_par' dir='ltr' id='par_1_12' title="bbox 139 3060 891 3139">
     <span class='ocr_line' id='line_1_28' title="bbox 139 3060 891 3139; baseline 0.004 -17"><span class='ocrx_word' id='word_1_178' title='bbox 139 3064 186 3122; x_wconf 83' lang='lat' dir='ltr'><strong>vis</strong></span> <span class='ocrx_word' id='word_1_179' title='bbox 205 3062 300 3129; x_wconf 84' lang='lat' dir='ltr'><strong>animi</strong></span> <span class='ocrx_word' id='word_1_180' title='bbox 318 3062 435 3139; x_wconf 52' lang='lat' dir='ltr'><strong>pariter*</strong></span> <span class='ocrx_word' id='word_1_181' title='bbox 449 3060 555 3119; x_wconf 86' lang='lat' dir='ltr'><strong>oresoit</strong></span> <span class='ocrx_word' id='word_1_182' title='bbox 575 3079 643 3119; x_wconf 85' lang='lat' dir='ltr'><strong>oum</strong></span> <span class='ocrx_word' id='word_1_183' title='bbox 663 3080 785 3139; x_wconf 84' lang='lat' dir='ltr'><strong>corpore</strong></span> <span class='ocrx_word' id='word_1_184' title='bbox 803 3064 891 3126; x_wconf 71' lang='lat' dir='ltr'><strong>mter</strong></span> 
     </span>
    </p>

    <p class='ocr_par' dir='ltr' id='par_1_13' title="bbox 136 3158 1041 3438">
     <span class='ocr_line' id='line_1_29' title="bbox 139 3158 966 3240; baseline -0.005 -20"><span class='ocrx_word' id='word_1_185' title='bbox 139 3161 219 3240; x_wconf 88' lang='lat' dir='ltr'><strong>quod</strong></span> <span class='ocrx_word' id='word_1_186' title='bbox 239 3159 266 3218; x_wconf 86' lang='lat' dir='ltr'><strong>si</strong></span> <span class='ocrx_word' id='word_1_187' title='bbox 284 3159 451 3218; x_wconf 80' lang='lat' dir='ltr'><strong>inmortalis</strong></span> <span class='ocrx_word' id='word_1_188' title='bbox 470 3158 549 3226; x_wconf 80' lang='lat' dir='ltr'><strong>foret</strong></span> <span class='ocrx_word' id='word_1_189' title='bbox 567 3163 600 3218; x_wconf 90' lang='lat' dir='ltr'><strong>et</strong></span> <span class='ocrx_word' id='word_1_190' title='bbox 619 3164 736 3217; x_wconf 87' lang='lat' dir='ltr'><strong>mutare</strong></span> <span class='ocrx_word' id='word_1_191' title='bbox 755 3160 866 3221; x_wconf 85' lang='lat' dir='ltr'><strong>soleret</strong></span> <span class='ocrx_word' id='word_1_192' title='bbox 963 3208 966 3216; x_wconf 93' lang='lat'>.</span> 
     </span>
     <span class='ocr_line' id='line_1_30' title="bbox 136 3252 918 3334; baseline 0.005 -20"><span class='ocrx_word' id='word_1_193' title='bbox 136 3274 269 3332; x_wconf 78' lang='lat' dir='ltr'><strong>oorpora,</strong></span> <span class='ocrx_word' id='word_1_194' title='bbox 290 3254 447 3332; x_wconf 76' lang='lat' dir='ltr'><strong>permixtis</strong></span> <span class='ocrx_word' id='word_1_195' title='bbox 466 3252 634 3312; x_wconf 86' lang='lat' dir='ltr'><strong>animantes</strong></span> <span class='ocrx_word' id='word_1_196' title='bbox 653 3254 785 3313; x_wconf 88' lang='lat' dir='ltr'><strong>moribus</strong></span> <span class='ocrx_word' id='word_1_197' title='bbox 805 3265 918 3334; x_wconf 72' lang='lat' dir='ltr'><strong>essent,</strong></span> 
     </span>
     <span class='ocr_line' id='line_1_31' title="bbox 139 3349 1041 3438; baseline 0.001 -26"><span class='ocrx_word' id='word_1_198' title='bbox 139 3353 282 3430; x_wconf 79' lang='lat' dir='ltr'><strong>effugeret</strong></span> <span class='ocrx_word' id='word_1_199' title='bbox 300 3349 383 3409; x_wconf 83' lang='lat' dir='ltr'><strong>oanis</strong></span> <span class='ocrx_word' id='word_1_200' title='bbox 402 3349 547 3426; x_wconf 81' lang='lat' dir='ltr'><strong>Hyrcano</strong></span> <span class='ocrx_word' id='word_1_201' title='bbox 567 3350 604 3410; x_wconf 88' lang='lat' dir='ltr'><strong>de</strong></span> <span class='ocrx_word' id='word_1_202' title='bbox 624 3352 736 3410; x_wconf 85' lang='lat' dir='ltr'><strong>semine</strong></span> <span class='ocrx_word' id='word_1_203' title='bbox 756 3371 844 3431; x_wconf 84' lang='lat' dir='ltr'><strong>saepe</strong></span> <span class='ocrx_word' id='word_1_204' title='bbox 912 3424 936 3438; x_wconf 15' lang='lat' dir='ltr'><strong>&#39;v</strong></span> <span class='ocrx_word' id='word_1_205' title='bbox 970 3359 1041 3425; x_wconf 57' lang='grc' dir='ltr'><strong>7’ῖῠο</strong></span> 
     </span>
    </p>
   </div>
   <div class='ocr_carea' id='block_1_6' title="bbox 0 0 1105 3764">
    <p class='ocr_par' dir='ltr' id='par_1_14' title="bbox 0 0 1105 3764">
     <span class='ocr_line' id='line_1_32' title="bbox 0 0 1105 3764; baseline 0 0"><span class='ocrx_word' id='word_1_206' title='bbox 0 0 1105 3764; x_wconf 95' lang='lat' dir='ltr'><strong> </strong></span> 
     </span>
    </p>
   </div>
  </div>
 </body>
</html>
