2198 3764
97 217 136 276 52
202 242 205 250 ’
454 215 642 285 Looanrl

96 396 166 434 nam
184 395 271 463 saepe
290 382 361 436 ante
380 376 469 436 deum
490 377 605 437 vitulus
622 376 747 437 delubra
768 376 880 436 decors

95 471 270 532 turicremas
291 480 414 552 propter
432 481 581 534 mactatus
596 475 726 535 concidit
745 493 814 534 aras
899 492 903 499 ’

96 569 248 646 sanguinis
265 572 404 647 expirans
426 571 556 631 calidum
573 570 611 630 de
630 577 749 649 pectore
767 571 884 629 flumen
893 590 906 646 3

96 673 130 727 at
148 673 245 727 mater
264 669 370 727 viridis
388 670 483 728 saltus
500 670 607 729 orbata
625 687 788 747 peragrans
943 667 1000 725 355

96 764 192 822 noscit
210 763 294 824 humi
309 765 435 844 pedibus
451 766 579 844 vestigia
597 784 700 844 pressa
721 762 855 836 bisulcis,

96 861 195 919 omnia
216 861 370 920 convisens
391 862 485 921 oculis
505 862 570 920 loca
590 861 617 920 si
638 864 728 938 queat
749 877 881 936 usquam

98 958 263 1035 conspicere
282 959 425 1018 amimam
442 959 547 1032 ictum,
570 958 755 1036 completque
772 955 921 1034 querellis

98 1055 291 1115 frondiferum
312 1076 418 1116 nemus
435 1057 579 1116 absistens
598 1062 631 1116 et
647 1057 751 1114 crebra
772 1054 887 1113 revisit

95 1152 133 1212 ad
151 1153 301 1225 stabulum
320 1155 465 1215 desiderio
482 1155 596 1232 perfixa
617 1153 745 1226 iuvenci,
942 1152 1002 1211 360

96 1270 151 1309 nec
170 1258 289 1311 tenerae
307 1253 411 1312 salices
429 1259 520 1330 atque
538 1253 647 1311 herbae
667 1271 732 1309 rore
753 1250 897 1328 vigentes

95 1349 276 1428 fluminaque
295 1350 348 1408 illa
371 1355 486 1428 queunt
506 1350 629 1408 summis
646 1348 780 1408 labentia
797 1347 876 1424 ripis
992 1376 995 1380 ·

95 1446 243 1506 oblectare
265 1446 397 1506 animum
417 1446 604 1524 subitamque
624 1452 758 1505 avertere
778 1464 897 1518 curam,

95 1562 149 1602 neo
166 1543 329 1601 vitulorum
350 1543 426 1601 alias
448 1543 559 1620 species
579 1562 633 1621 per
654 1542 763 1621 pabula
782 1541 867 1601 laeta

95 1639 229 1698 derivem
250 1645 365 1716 queunt
387 1640 520 1699 animum
541 1659 672 1718 curaque
691 1639 811 1699 levaret
944 1639 1003 1696 365

95 1755 188 1812 usque
208 1735 283 1794 adeo
303 1734 445 1813 quiddam
466 1737 620 1814 proprium
640 1743 805 1813 notumque
828 1735 975 1814 requirit

95 1839 247 1910 praeterea
267 1832 364 1892 teneri
386 1833 524 1893 tremulis
543 1853 612 1892 cum
630 1834 753 1892 vocibus
773 1831 869 1891 haedi

95 1929 262 2006 cornigeras
282 1936 394 1988 norunt
413 1936 524 1990 matres
541 1930 669 2009 agnique
690 1930 802 2008 petulci
824 1978 828 1984 .

94 2026 248 2096 balantum
271 2026 417 2102 pecudes:
440 2026 495 2099 ita,
516 2027 595 2104 quod
612 2032 723 2085 natura
741 2026 887 2104 reposcit,
1005 2073 1007 2079 .

76 2134 79 2140 ·
95 2121 134 2180 ad
155 2139 210 2180 sua
227 2121 352 2199 quisque
371 2121 435 2181 fere
453 2123 614 2182 decurrrmt
631 2124 725 2182 ubera
744 2123 841 2182 laetis.
903 2173 905 2177 ,
946 2125 1007 2185 3ῖο

95 2224 244 2294 postremo
259 2218 388 2294 quodvis
407 2218 592 2279 frumentum
613 2240 675 2280 non
697 2227 799 2281 temen
817 2241 914 2282 omne

95 2313 205 2392 quique
224 2331 279 2371 suo
298 2332 406 2390 genere
426 2313 506 2373 inter
528 2334 559 2375 se
578 2316 676 2375 simile
690 2335 754 2376 esse
773 2317 908 2391 videbis,

95 2411 170 2488 quin
186 2409 368 2469 intercurrat
385 2411 529 2488 quosdam
552 2411 696 2471 distantia
713 2412 829 2475 lormis.

96 2507 332 2585 concharumque
354 2527 448 2584 genus
470 2508 558 2586 parili
579 2510 696 2568 ratione
717 2510 859 2571 videmus

95 2603 216 2681 pingere
234 2603 351 2661 telluris
372 2603 524 2679 gremium,
547 2623 608 2681 qua
624 2604 763 2664 mollibus
780 2607 878 2668 undis
948 2611 1007 2670 375

95 2700 192 2758 litoris
208 2700 327 2758 incurvi
343 2699 475 2757 bibulam
497 2699 584 2776 pavit
603 2719 715 2778 aequor
735 2702 894 2766 harenam.
949 2744 951 2749 ·

96 2813 187 2873 quare
210 2795 300 2854 etiam
321 2801 411 2871 atque
428 2794 519 2852 etiam
540 2795 630 2854 simili
649 2797 767 2856 ratione
785 2811 959 2876 necessest,

96 2895 204 2946 natura
224 2888 364 2963 quoniam
383 2894 521 2947 constant
542 2909 639 2967 neque
661 2890 744 2950 facta
761 2912 860 2956 mana
881 2906 963 2956 sunt

96 2985 186 3041 unius
206 2983 246 3040 ad
266 2990 376 3041 certam
396 2983 519 3041 formam
540 2984 703 3061 primordia
719 3005 833 3062 rerum,

97 3077 233 3137 dissimili
253 3077 386 3135 interae
409 3077 552 3153 quaedam
572 3080 698 3139 volitare
720 3082 829 3159 figura,
950 3090 1008 3148 380
