2198 3764
412 215 545 275 LIBER
571 214 599 278 Ι.
915 218 953 280 37

57 363 151 422 nitier
169 363 202 421 in
223 368 362 440 terraque
380 367 462 421 retro
482 361 664 440 requiescere
685 368 778 440 posta,

58 469 95 520 ut
103 481 158 540 per
166 481 259 539 eques
266 480 342 539 quse
351 479 431 518 nunc
440 480 540 518 rerum
551 459 709 527 simulacre
718 461 860 520 videmus.
878 462 955 522 1060

58 565 92 618 et
109 559 201 618 simili
221 559 336 618 ratione
357 558 498 617 enimslic
518 577 613 635 suppo
633 558 735 634 vagari

58 657 244 715 contendunt
264 674 360 733 neque
380 674 465 733 posse
486 655 611 714 eternis
631 655 664 712 in
684 656 749 714 loce
769 655 843 714 caeli

57 755 206 814 reccidere
226 754 369 813 inferiore
389 738 483 831 magis
502 773 592 830 quom
612 772 734 830 corpora
753 761 856 813 nostre

57 861 165 932 sponte
185 874 240 913 suo
260 855 375 931 possint
394 853 427 911 in
448 852 523 911 coeli
541 852 653 929 templs
674 853 774 910 volere
784 873 795 928 3

57 951 106 1010 illi
125 971 193 1010 cum
214 951 338 1010 videant
358 952 459 1023 solem,
481 970 536 1009 nos
555 950 653 1009 sidere
672 951 768 1010 noctis
877 951 954 1011 1065

57 1067 187 1120 cernere,
207 1053 239 1105 et
259 1046 382 1106 alternis
401 1047 555 1105 nobiscum
575 1052 709 1124 temporo
730 1047 806 1106 coeli

57 1145 193 1203 dividere
213 1149 246 1203 et
264 1149 366 1203 noctes
385 1144 488 1221 parilis
509 1144 622 1221 agitare
642 1143 753 1203 diebus

57 1242 112 1301 sed
131 1262 227 1301 vanus
248 1242 366 1301 stolidis
386 1242 459 1301 hoec
480 1261 562 1300 error
580 1242 698 1301 somnio
707 1241 810 1318 flacit,

57 1340 190 1417 amplexi
210 1339 289 1416 quod
308 1339 419 1397 habent
439 1357 579 1414 perverso
598 1357 660 1397 rem
679 1340 811 1398 satiem:

58 1457 130 1496 nam
158 1436 289 1495 medium
316 1435 362 1493 nil
388 1454 451 1494 esse
478 1440 586 1513 potest,
614 1435 732 1512 quando
761 1436 863 1494 omnic
890 1456 955 1494 oon·

99 1543 181 1594 etant
879 1533 956 1592 1070

58 1631 187 1691 infinita.
229 1649 325 1707 neque
344 1629 474 1703 omnino,
493 1629 521 1688 si
541 1629 601 1688 iem
620 1628 750 1688 medium
770 1627 819 1700 eit,

58 1727 154 1806 possit
173 1726 217 1784 ibi
238 1727 397 1803 quicquam
418 1727 579 1785 consistere
599 1745 664 1784 eam
683 1725 778 1801 osopio
799 1724 832 1782 ob
853 1743 915 1782 rem
961 1746 963 1753 ·

58 1843 151 1901 quem
170 1824 277 1901 quevis
297 1823 357 1882 elic
377 1824 464 1901 longe
485 1824 602 1882 ratione
621 1822 727 1898 repelli

58 1919 158 1978 omnis
178 1920 259 1978 enim
278 1919 360 1978 locus
379 1939 414 1978 ec
435 1920 574 1997 spatium,
592 1919 673 1998 quod
692 1918 780 1978 inane
799 1937 942 1989 vocamus,

58 2037 115 2095 per
133 2016 273 2089 medium,
291 2035 346 2094 per
363 2035 425 2075 non
444 2016 584 2089 medium,
604 2016 761 2076 concedere
780 2016 857 2075 dehet
879 2013 955 2074 1075

58 2135 154 2194 aeque
173 2115 360 2192 ponderibus,
382 2120 482 2173 motus
502 2134 686 2192 quocumque
706 2115 854 2174 feruntur.

59 2212 291 2288 necquicquam
311 2210 394 2269 locus
414 2215 469 2281 est,
490 2228 550 2286 quo
571 2229 693 2287 corporo
713 2229 782 2269 cum
802 2216 953 2282 venerunt,

58 2305 200 2384 ponderis
220 2306 328 2364 smisso
346 2305 379 2362 vi
397 2303 513 2381 possint
532 2310 612 2362 stare
630 2306 666 2363 in
685 2305 768 2363 inani
776 2326 787 2380 ;

59 2424 116 2464 neo
134 2403 213 2481 quod
230 2403 319 2461 inem
341 2407 441 2459 autern
461 2406 507 2459 est
527 2400 583 2458 ulli
603 2401 762 2460 subsistere
783 2401 878 2474 debet,

58 2501 144 2580 quin,
162 2519 216 2559 sue
236 2499 315 2577 quod
335 2505 444 2556 notura
463 2497 554 2574 petit,¹
568 2496 724 2556 concedere
743 2504 854 2577 pergat.
879 2499 956 2558 1080

58 2597 138 2656 hund
161 2597 254 2674 igitur
273 2600 397 2671 possunt
416 2594 471 2652 teli
490 2594 607 2652 ratione
627 2594 724 2653 teneri

59 2712 109 2752 res
127 2692 160 2751 in
182 2691 305 2750 concilio
325 2689 418 2748 medii
438 2690 604 2767 cuppedine
623 2690 729 2752 victae.

254 2856 472 2936 motem
490 2859 529 2936 <ff
541 2859 615 2919 tot
635 2860 761 2922 nomo.

101 2982 261 3041 Praeterea
280 2980 421 3058 quonism
441 2999 502 3039 non
523 2982 623 3040 omnio
643 3000 765 3059 corpore
785 2982 903 3060 fingunt

58 3083 93 3140 in
113 3079 244 3139 medium
265 3078 333 3150 niti,
355 3077 408 3137 sed
428 3082 577 3137 terrerum
598 3083 689 3156 atque
709 3079 842 3156 liquoris,

58 3182 92 3236 et
110 3175 197 3253 qussi
217 3180 336 3232 temno
356 3191 432 3251 quoe
451 3192 572 3251 corpore
592 3175 809 3251 contineantur,
878 3177 953 3236 1085

58 3289 193 3330 umorem
213 3269 300 3348 ponti
321 3288 499 3346 magnosque
521 3271 711 3330 ementibus
731 3271 834 3347 undas,

59 3377 93 3430 ct
114 3373 219 3428 contro
238 3366 337 3425 tenuis
358 3372 511 3445 exponunt
532 3366 609 3426 aeris
631 3387 718 3427 suras
