2198 3764
457 216 588 276 LIBER
614 215 642 276 Ῑ.

98 386 168 425 nam
190 365 289 444 siquid
312 363 436 425 moniale
457 386 473 426 c
493 367 608 426 cunctis
631 363 768 444 partibus
791 372 876 442 esset,

97 483 137 522 ex
158 464 250 523 oculis
273 483 321 524 res
343 484 477 543 quaeque
497 472 620 543 repente
641 465 743 542 erepta
764 464 883 542 periret.

97 562 182 621 nulla
204 562 236 620 vi
256 562 336 621 foret
359 583 431 622 usus
452 564 533 622 enim
559 582 636 641 quac
659 564 795 641 partibus
815 564 880 621 eius
972 557 974 560 ’

98 659 257 719 discidium
279 680 383 737 parere
405 668 437 720 et
457 681 554 720 nexus
575 661 728 720 exsolvere
749 668 856 740 posset
941 661 1000 721 220

97 757 178 834 quod
197 776 286 830 nunc,
307 763 429 816 aeterno
449 758 521 836 quia
540 759 678 817 constant
697 759 810 817 semine
829 777 973 837 quaeque,

99 856 194 914 donec
216 856 261 914 vis
284 856 361 914 obiit
381 874 458 932 quac
479 874 527 914 res
549 856 717 914 diverberet
739 857 802 914 ictu

97 960 152 1013 aut
172 953 256 1013 intus
277 961 415 1032 penetret
436 974 490 1032 per
511 955 614 1014 inania
636 955 846 1032 dissoluatque,

97 1051 210 1110 nullius
229 1051 357 1109 exitium
377 1052 494 1129 patitur
513 1057 622 1110 natura
641 1051 745 1110 videri.

52 1192 56 1227 ,
97 1153 250 1224 praeterea
269 1167 472 1227 quaecumque
492 1155 643 1208 vetustate
665 1154 785 1209 amovet
808 1155 898 1219 aetas,
940 1149 999 1208 225

52 1232 54 1241 ’
96 1245 123 1304 si
143 1246 263 1322 penitus
284 1246 410 1322 peremit
431 1264 608 1304 consumens
629 1246 785 1305 materiem
808 1266 934 1319 ornnem,

97 1339 179 1398 unde
198 1339 327 1398 animale
345 1359 440 1418 genus
458 1341 622 1418 generatim
642 1341 676 1399 in
695 1341 810 1400 lumina
829 1343 910 1399 vitae

97 1436 234 1495 redducit
253 1435 369 1511 Venus,
390 1443 445 1495 aut
463 1437 641 1497 redductum
660 1438 783 1496 daedale
801 1438 893 1496 tellus

97 1533 178 1592 unde
197 1533 254 1592 alit
272 1540 364 1611 atque
384 1541 473 1611 auget
492 1536 657 1612 generatim
677 1536 787 1614 pabule
805 1535 968 1612 praebens?

97 1630 178 1689 unde
198 1649 280 1689 mare
299 1631 438 1707 ingenuei
457 1631 557 1690 fontes
577 1638 760 1710 externaque
779 1632 866 1709 longe
941 1632 1000 1691 230

97 1727 222 1786 flumina
241 1728 454 1804 suppeditantl
474 1730 553 1787 unde
573 1729 677 1788 aether
696 1728 793 1787 sidera
812 1728 927 1806 pasoitl

97 1825 199 1884 omnia
220 1825 300 1884 enim
320 1824 419 1898 debet,
440 1825 560 1883 mortali
580 1845 701 1903 corpore
721 1832 899 1902 quaesunt,

97 1923 218 1984 infinita
236 1931 319 1982 aetas
339 1942 514 2002 consumpse
533 1929 672 1982 anteacta
691 1923 819 2002 diesque.

97 2018 178 2097 quod
197 2019 224 2078 si
244 2019 278 2077 in
297 2037 332 2077 eo
352 2019 449 2097 spatio
469 2025 560 2096 atquo
580 2025 719 2078 anteacta
738 2025 839 2078 aetate
858 2019 943 2079 luere
987 2050 990 2055 ·

98 2137 116 2176 e
136 2117 245 2194 quibus
264 2116 338 2174 haec
358 2135 458 2175 rerum
479 2117 616 2175 consistit
636 2136 752 2176 summa
771 2119 891 2192 refecta,
942 2116 1000 2175 235

97 2215 251 2274 inmortali
270 2221 343 2273 sunt
362 2221 471 2273 natura
491 2215 627 2292 praedita
646 2223 736 2289 certe,

97 2313 174 2370 haut
193 2313 287 2390 igitur
305 2318 432 2390 possunt
451 2312 491 2371 ed
511 2310 606 2371 nilum
626 2333 760 2392 quaeque
781 2313 899 2374 reverti.

98 2410 227 2488 denique
246 2430 293 2469 rea
314 2411 411 2470 omnis
431 2411 535 2470 eedem
555 2413 602 2471 vis
621 2432 768 2490 causaque
787 2414 876 2491 volgo

97 2508 263 2580 conficeret,
285 2508 344 2566 nisi
363 2509 502 2567 materies
522 2515 645 2568 aeterna
664 2514 789 2583 teneret,

97 2605 180 2662 inter
199 2597 240 2664 aa
250 2623 331 2662 nexu
351 2605 450 2663 minua
470 2611 524 2664 aut
543 2606 638 2683 magis
657 2605 851 2683 indupedite;
942 2604 1001 2664 240

98 2706 198 2759 tactus
217 2701 298 2759 enim
318 2699 373 2760 leti
393 2701 467 2760 satis
487 2708 565 2760 esset
585 2721 676 2760 causa
695 2701 839 2780 profecto,

98 2799 210 2878 quippe
229 2800 282 2857 ubi
302 2800 386 2858 nulla
405 2800 506 2859 forent
525 2809 647 2860 aeterno
666 2820 788 2879 corpore
807 2821 933 2879 quorum

98 2901 274 2955 contextum
294 2896 341 2955 vis
361 2896 483 2956 deberet
503 2897 664 2958 dissolvere
683 2918 825 2976 quaeque.

97 2997 134 3052 at
152 3010 241 3066 nuno,
261 2992 343 3051 inter
362 3012 395 3052 se
413 2993 484 3070 quia
503 3014 601 3055 nexus
619 2996 834 3074 principiorum

97 3088 256 3148 dissimiles
276 3094 416 3148 constant
435 3096 614 3168 aeterneque
634 3092 773 3151 materies
791 3100 846 3166 est,
943 3092 1001 3152 245

97 3183 241 3242 incolumi
260 3191 417 3244 remanent
436 3204 484 3245 res
503 3205 635 3264 corpore,
655 3187 727 3246 dum
747 3189 821 3247 satis
842 3189 918 3248 acris

98 3279 148 3338 via
166 3279 256 3338 obeat
274 3280 473 3363 protextur'a
492 3283 636 3360 cuiusque
655 3290 781 3360 reperta.

98 3374 182 3436 haud
201 3375 296 3454 igitur
315 3378 395 3437 redit
413 3378 453 3439 ad
472 3379 569 3438 nilum
589 3398 638 3439 res
656 3380 727 3454 ulla,
749 3379 801 3439 sed
821 3398 923 3439 omnes
