2198 3764
19 3490 54 3535 k

290 109 299 147 i

104 205 142 326 pc
455 223 638 288 nocuum

102 371 221 430 Ionium
242 370 354 449 glaucis
376 372 509 449 aspargit
528 373 612 430 virus
631 371 669 429 ab
690 371 788 444 undis,

101 477 285 546 angustoque
305 469 386 527 fretu
406 470 542 545 rapidum
564 487 645 527 maro
662 468 771 527 dividit
792 468 882 530 undis
939 468 1002 532 720

101 562 208 646 Italiac
231 572 378 623 terrarum
400 583 466 623 oras
489 583 508 622 a
528 564 638 622 finibus
661 564 732 626 eius

100 653 158 719 hic¹
172 665 219 718 est
238 667 324 719 vasta
347 660 512 737 Charybdis
531 667 564 719 ct
584 661 633 718 hic
651 661 788 720 Aetnaea
808 662 967 723 minantur

100 776 252 815 murmura
272 757 457 816 flammarum
480 777 598 816 rursum
621 777 653 816 ss
675 759 811 836 colligere
831 761 901 836 iras,

100 854 234 912 faucibus
253 861 374 932 eruptos
394 851 503 913 it'orum
525 855 572 912 vis
592 861 628 913 ut
651 863 753 914 vomat
771 856 849 932 ignis

100 953 138 1010 ad
161 952 332 1030 caelumque
353 953 430 1010 ferat
452 951 582 1010 flammai
605 951 725 1029 fulgura
746 972 873 1013 rursum.
937 953 999 1015 725

99 1069 174 1126 quac
198 1069 266 1109 cum
288 1070 395 1127 magna
415 1051 510 1109 modis
533 1050 637 1108 multis
656 1051 792 1109 miranda
812 1052 936 1112 videtur

99 1149 237 1224 gentibus
258 1146 396 1207 humanis
417 1149 499 1225 regio
520 1148 702 1226 visendaque
724 1150 827 1223 fertur,

98 1247 186 1305 robus
209 1247 308 1324 opima
329 1247 422 1319 bonis,
446 1247 542 1305 multa
561 1247 679 1304 munita
699 1248 797 1304 virum
822 1248 862 1320 vi,

97 1342 141 1399 nil
162 1348 263 1401 tamon
285 1343 340 1401 hoc
361 1343 499 1401 habuisse
519 1343 585 1401 viro
600 1343 786 1419 ¹praeclarius
807 1344 839 1401 in
861 1364 895 1403 so

96 1457 152 1497 noc
164 1446 299 1497 sanctum
312 1440 405 1516 magis
418 1444 450 1497 ct
462 1439 570 1496 mirum
583 1458 741 1515 carumque
754 1440 883 1502 videtur.
940 1445 998 1504 730

97 1537 229 1594 carmina
252 1536 326 1612 quin
346 1536 436 1594 otiam
457 1535 553 1593 divini
566 1536 692 1613 pectoris
709 1537 773 1594 cius

96 1634 298 1692 vociferantur
318 1638 350 1691 ct
369 1638 523 1709 exponunt
543 1633 693 1710 praeclara
714 1641 840 1711 repertu,

98 1725 207 1790 utrix
228 1731 358 1788 humana
380 1731 519 1789 videatur
541 1731 634 1809 stirps
657 1739 781 1792 creatus.

337 1911 395 1970 wa
417 1900 568 1986 crrors'os
578 1910 650 1970 thcsc
669 1932 743 1972 own.

13 2041 19 2046 “
136 2032 197 2091 Hic
217 2037 318 2092 tamen
338 2038 371 2090 ct
391 2052 480 2110 supra
502 2051 574 2110 quos
594 2031 725 2091 diximus
748 2033 907 2095 inferiores

95 2126 230 2202 partibus
252 2125 366 2201 egregie
389 2125 492 2182 multis
513 2125 665 2202 multoque
686 2125 823 2197 minores,
935 2130 994 2190 735

95 2240 271 2298 quamquam
292 2221 388 2279 multa
408 2221 482 2279 benc
505 2240 540 2278 ac
560 2220 704 2278 divinitus
726 2221 917 2284 invenientes

95 2338 133 2376 ex
155 2319 247 2396 adyto
270 2323 421 2396 tamquam
442 2319 537 2377 cordis
559 2338 698 2396 responsa
720 2319 826 2378 dedero

95 2416 226 2474 sanctius
247 2422 278 2473 et
299 2416 395 2473 multo
418 2423 499 2494 corta
519 2414 633 2472 rationo
655 2414 748 2490 magis
772 2433 863 2492 quom

94 2512 206 2589 Pythia
228 2531 304 2589 quae
325 2511 437 2589 tripodi
459 2532 478 2570 a
501 2511 614 2570 Phoebi
636 2510 778 2588 lauroque
800 2514 950 2590 profatur,

93 2605 246 2683 principiis
267 2612 368 2663 tamen
389 2605 421 2663 in
442 2623 540 2662 rerum
561 2603 657 2662 iecore
678 2603 779 2662 ruinas
934 2608 992 2667 740

94 2707 125 2760 ot
144 2702 276 2779 graviter
299 2702 399 2778 magni
419 2720 526 2778 magno
547 2700 677 2758 cocidere
699 2700 743 2758 ibi
765 2719 854 2776 casu5

92 2800 221 2878 primum
244 2801 323 2878 quod
342 2805 440 2858 motus
463 2805 601 2876 exempto
624 2799 712 2856 rebus
733 2799 817 2856 inani

91 2898 287 2966 constituunt,
311 2901 343 2955 ot
365 2916 412 2955 res
432 2896 529 2954 mollis
552 2915 691 2972 rarasque
711 2895 894 2973 relinquent,

92 3013 162 3052 acra
182 2994 272 3052 solem
294 2993 392 3070 ignem
413 2997 508 3051 terras
529 2993 670 3051 animalia
691 2993 795 3069 frugis,

90 3111 146 3150 nco
166 3096 268 3150 tamon
288 3091 453 3149 admiscent
472 3091 506 3148 in
527 3110 628 3150 eorum
649 3111 753 3168 corpus
776 3091 868 3150 inane
878 3113 889 3168 3
930 3094 988 3155 245

90 3188 197 3247 deindo
218 3187 297 3264 quod
318 3187 438 3245 omnino
458 3187 547 3246 finam
569 3207 631 3246 non
652 3207 716 3246 csso
736 3188 874 3248 secandis

90 3285 259 3363 corporibus
279 3284 395 3343 faciunt
415 3304 510 3362 noque
531 3304 652 3362 pansam
675 3293 755 3344 stare
776 3287 890 3364 fragori

86 3399 292 3463 neoprcrsum
304 3383 337 3441 in
350 3383 437 3442 rebus
451 3382 606 3441 minimum
618 3382 777 3442 consistens
791 3384 954 3463 quicquam
959 3405 974 3460 ,0
