2198 3764
17 171 20 178 ’
93 197 133 262 es
446 195 635 262 uuonan!

92 349 153 408 Bal
172 348 217 407 tle
234 348 356 407 amabar
373 347 410 424 os
424 347 572 424 alemans
585 348 654 408 eoos
671 348 759 425 alapa
776 347 804 410 is
824 347 996 410 antonina

135 445 365 522 Oq'ectiors-llse
380 447 479 522 rae-ily
491 446 530 523 os
538 447 651 506 certain
664 447 994 508 auimo-amm.

135 541 193 600 Tlos
206 549 364 648 anomalam
376 542 434 601 like
447 543 569 602 various
582 543 727 620 wreekape
739 564 779 603 ou
787 564 808 603 u
818 553 887 604 vase
902 566 995 605 ocean

134 660 221 731 Quod
241 662 380 739 quoniam
400 662 495 737 docui,
515 684 637 743 pergam
657 671 810 724 conectere
831 686 898 725 rem
922 687 996 745 quae

94 777 132 815 ex
149 757 204 816 hoo
225 766 296 836 apta
316 759 405 817 fidem
426 760 526 834 ducat,
549 761 711 840 primordia
731 781 841 837 rerum,

93 849 173 908 inter
193 868 225 908 se
246 850 336 908 simili
355 870 431 928 quae
452 859 524 910 sunt
544 853 677 931 perfecta
697 853 800 931 figura,

93 946 213 1004 infinita
233 946 339 1009 eluere.
380 948 657 1008 etenim'distantia
678 969 745 1008 eum
768 950 809 1008 sit
938 952 997 1010 525

94 1044 257 1104 formarum
276 1045 372 1119 finita,
392 1066 509 1105 neeesse
531 1053 578 1106 est
597 1066 674 1125 quae
696 1047 807 1106 similes
828 1047 895 1108 sint

94 1163 157 1204 esse
177 1145 311 1204 infinitas
331 1151 386 1203 ant
406 1164 551 1203 summam
572 1144 710 1203 materiai

94 1241 209 1300 finitam
230 1248 374 1313 constare,
393 1240 426 1300 id
446 1241 526 1319 quod
545 1261 607 1300 non
626 1261 689 1301 esse
709 1241 836 1321 probavi

94 1337 229 1396 versibus
249 1337 408 1396 ostendens
429 1338 603 1414 corpuscula
622 1339 759 1397 materiai
810 1368 814 1378 ·

95 1455 134 1493 ex
153 1435 273 1494 infinito
293 1454 439 1493 summam
459 1454 560 1493 rerum
580 1454 675 1512 usque
697 1443 808 1510 tenere,
879 1428 898 1510 η’
941 1438 1000 1497 530

95 1531 226 1610 undique
247 1532 362 1610 protelo
383 1533 537 1610 plagarum
560 1533 741 1593 continuato.

94 1647 165 1686 nam
185 1628 264 1706 quod
283 1648 352 1687 rara
370 1629 455 1689 vides
475 1629 569 1708 magis
590 1629 815 1715 essesanimalia
835 1631 986 1709 quaedam

95 1726 309 1804 fecundamque
330 1727 429 1786 minus
449 1734 588 1786 naturam
610 1728 707 1786 cernis
727 1728 761 1786 in
782 1728 853 1803 illis,

95 1829 129 1882 at
148 1823 267 1901 regione
288 1823 409 1902 loooque
430 1825 489 1884 alio
510 1824 657 1903 terrisque
677 1824 800 1884 remotis

95 1922 190 1980 multa
203 1922 275 1980 licei
286 1941 392 2000 genere
402 1941 465 1981 esse
478 1922 511 1982 in
521 1941 556 1981 eo
566 1942 782 1999 numerumque
791 1922 905 2000 repleri
912 1945 923 2000 3
942 1926 1001 1984 535

96 2021 174 2079 sieut
195 2019 409 2098 quadripedum
432 2020 625 2097 cumprimis
646 2040 709 2079 esse
729 2021 868 2080 videmus

96 2117 130 2174 in
145 2135 256 2192 genere
275 2115 471 2192 anguimanus
491 2115 672 2193 elephantos,
694 2115 784 2174 India
805 2135 938 2193 quorum

96 2214 216 2272 milibus
236 2232 254 2271 e
274 2213 378 2272 multis
399 2213 479 2272 vallo
499 2213 636 2272 munitur
657 2212 779 2285 eburno,
831 2221 836 2231 '

95 2318 133 2372 ut
152 2311 272 2390 penitus
292 2317 423 2388 nequeat
442 2312 610 2389 penetrari:
634 2316 721 2369 tanta
741 2311 876 2370 ferarum

96 2410 143 2469 vis
162 2416 215 2483 est,
232 2427 357 2487 quarum
375 2428 429 2467 nos
443 2428 591 2487 perpauca
608 2407 745 2486 exempla
763 2407 909 2466 videmus
944 2407 1002 2465 540

97 2507 149 2567 sed
169 2513 271 2566 tamen
293 2506 325 2567 id
345 2525 461 2585 quoque
482 2506 530 2564 nti
549 2506 717 2578 oonoedam,
737 2505 917 2582 quemlubet
939 2513 1003 2564 esto

97 2607 186 2664 unica
204 2624 252 2664 res
272 2605 417 2683 quaedam
436 2604 540 2663 nativo
560 2622 680 2680 corpore
700 2603 771 2673 sola,

98 2697 147 2756 oui
168 2698 273 2757 similis
294 2704 360 2757 toto
380 2703 528 2756 terrarum
549 2696 637 2755 nulla
657 2695 699 2754 sii
719 2694 804 2768 orbi3

97 2791 216 2851 infinita
237 2799 339 2852 tamen
359 2793 419 2851 nisi
439 2793 498 2851 erit
517 2792 564 2851 vis
585 2791 723 2850 materiai

98 2890 178 2950 unde
197 2910 234 2950 ea
253 2891 389 2968 progigni
408 2891 504 2968 possit
523 2890 672 2967 concepta,
696 2887 791 2947 creari
944 2892 1001 2951 545

98 3008 159 3048 non
176 2990 296 3066 poterit,
309 3007 414 3067 neque,
429 2987 509 3067 quod
527 2995 669 3066 superest,
686 3005 874 3066 prooresoere
891 2989 1000 3067 alique.

99 3086 207 3164 quippe
219 3085 330 3144 sienim
348 3105 462 3145 sumam
479 3085 536 3144 hoe
549 3104 665 3162 qnoque
678 3084 726 3142 usi
741 3083 828 3142 finita
846 3103 903 3165 per
917 3107 1002 3146 omns

99 3199 222 3260 corpora
241 3180 346 3240 isauri
366 3181 456 3240 unius
476 3181 619 3259 genitalia
640 3180 693 3254 rei,

100 3279 178 3338 unde
197 3278 251 3338 nbi
271 3297 331 3356 qua
350 3279 382 3338 vi
400 3285 433 3338 et
453 3298 512 3356 qno
531 3286 619 3356 paeto
640 3296 795 3356 congressa
817 3278 948 3340 coibunt

100 3375 242 3439 materiae
264 3374 402 3434 tantuin
425 3376 528 3456 pelago
549 3377 696 3456 turbaque
718 3375 835 3437 aliena?
945 3375 1000 3437 550
