2198 3764
97 195 136 254 48
450 197 641 260 auom!

94 346 176 406 haud
193 345 287 424 igitur
298 351 441 425 poterunt
457 347 617 407 levioribus
630 344 760 407 incidere
773 364 920 424 umquam
941 343 1000 403 240

95 463 260 520 exsupero
279 444 416 521 graviora
434 465 531 522 neque
552 447 630 504 ictus
650 445 770 522 gignere
791 463 847 522 per
867 462 902 502 ae

95 542 148 620 qui
168 541 287 600 varient
308 549 406 601 motus
426 563 480 621 per
500 563 574 621 quos
594 548 703 601 natura
722 548 808 620 gerat
827 561 888 600 res.

95 657 187 714 quare
204 639 295 697 eiiam
315 645 404 716 abque
424 640 514 698 etiam
531 640 654 717 paulum
673 640 825 698 inclinare*
834 645 987 697 necessest

95 753 235 812 corpora3
256 755 312 794 nec
331 737 505 814 plusquam
523 737 688 809 minimum,
707 755 746 795 ne
763 737 876 814 fingere
898 742 999 794 motus

95 833 230 911 obliquos
251 834 406 893 videamur
426 839 458 893 et
477 835 516 894 id
530 855 578 893 rea
598 854 670 893 vera
690 834 809 893 refutet„
940 834 998 892 245

94 949 223 1008 namquo
240 932 296 990 hoc
309 932 342 990 in
355 940 496 1010 promptu
508 932 758 1009 manifestumque
772 950 836 990 esse
849 930 998 1003 videmus,

94 1026 234 1105 pondera,
252 1034 397 1107 quantum
417 1029 451 1087 in
470 1034 540 1100 cest,
558 1047 620 1087 non
640 1047 725 1105 poree
745 1027 866 1105 obliqua
888 1045 999 1098 meare,

13 1152 17 1156 ·
95 1140 261 1200 exsupero
282 1143 350 1182 cum
370 1125 576 1203 praecipitant,
599 1124 679 1202 quod
699 1143 819 1183 cernere
839 1123 940 1201 poesie
949 1141 961 1197 3

95 1219 147 1278 aad
168 1221 213 1278 nil
234 1221 354 1279 omnino
373 1231 451 1280 recto
471 1223 589 1298 regiona
609 1222 671 1281 viai

95 1315 244 1377 declinare
265 1317 332 1395 quie
353 1324 400 1376 esi
420 1318 472 1396 qui
493 1320 588 1396 possit
609 1337 728 1377 cernere
747 1317 831 1376 sese?
941 1316 1001 1376 250

244 1464 304 1524 wa
323 1485 426 1524 cweroe
446 1453 542 1524 molter
563 1464 698 1524 Frcewill
712 1464 846 1542 poccible.

135 1593 274 1672 Denique
295 1595 322 1653 si
342 1613 457 1672 semper
477 1602 577 1655 motus
599 1594 766 1654 conectitur
784 1593 885 1653 omnis

96 1697 127 1752 ei
145 1697 246 1751 vetere
267 1693 402 1751 exoritur
421 1713 530 1770 semper
550 1713 647 1752 novus
668 1693 771 1752 ordina
792 1699 877 1751 certo

95 1809 150 1849 nec
172 1791 347 1851 declinando
367 1791 484 1851 faciunt
504 1792 665 1870 primordia
684 1798 783 1850 motus

95 1887 275 1964 principium
296 1886 444 1964 quoddam
464 1887 543 1966 quod
562 1888 621 1947 nti
638 1887 759 1947 foedera
777 1891 914 1964 rumpat,

96 2001 135 2041 ex
154 1983 273 2042 infinito
292 2002 330 2042 ne
351 2003 468 2043 causam
489 2004 578 2044 causa
597 1991 748 2062 sequatur,
943 1983 1004 2042 255

95 2079 189 2138 libera
209 2098 263 2156 per
283 2087 379 2138 torrae
398 2081 477 2139 unda
498 2081 570 2139 hacc
591 2080 793 2139 animantibus
815 2085 924 2139 exstat

95 2176 176 2236 unde
197 2182 245 2236 eat
264 2176 346 2250 haec,
368 2177 498 2253 inquam,
521 2177 593 2235 fatie
613 2179 715 2236 avolsa
733 2182 869 2254 potestas

95 2292 255 2350 perquam
274 2274 479 2352 progredimur
497 2293 557 2351 quo
576 2274 661 2332 ducit
679 2290 826 2351 quemque
844 2272 1004 2344 voluntas,

95 2370 277 2430 declinamus
298 2371 371 2429 item
392 2377 491 2430 motus
511 2390 567 2429 nec
586 2377 719 2447 tempore
738 2375 821 2426 certo

94 2485 150 2526 nec
167 2468 287 2545 regione
305 2467 362 2526 loci
380 2474 470 2540 cerda,
488 2466 540 2525 sed
560 2467 612 2524 ubi
629 2467 695 2544 ipsa
712 2467 785 2524 tulit
798 2467 914 2541 ¹menei
945 2467 1005 2526 260

94 2583 165 2623 nam
185 2567 277 2624 dubio
299 2565 402 2643 procul
421 2565 469 2624 hia
489 2564 579 2622 rebus
597 2583 651 2622 aua
673 2563 780 2640 cuique
799 2564 952 2623 voluntas

94 2662 273 2740 principium
293 2663 346 2722 dat
363 2669 395 2722 et
415 2662 486 2720 hinc
503 2668 601 2719 motus
622 2681 676 2739 por
694 2661 828 2719 membra
848 2663 1003 2739 rigantur.

94 2775 193 2814 nonno
214 2757 298 2816 videa
318 2757 410 2815 eiiam
431 2756 587 2833 patefactis
607 2762 739 2831 tempore
760 2761 879 2832 puncto

95 2855 260 2911 carceribus
280 2872 342 2911 non
363 2872 447 2930 posse
469 2857 571 2910 tamen
591 2870 781 2928 prorumpere
803 2871 958 2928 equorum

94 2949 157 3008 rim
170 2951 307 3027 cupidam
319 2956 383 3008 tam
396 2949 546 3008 desubito
559 2969 648 3026 quam
660 2967 744 3007 mene
757 2955 828 3008 avet
842 2950 931 3028 ipaai
947 2954 1005 3012 265

94 3045 191 3104 omnia
211 3047 291 3104 enim
312 3053 411 3105 totum
431 3064 485 3122 per
506 3064 612 3123 corpus
631 3045 769 3104 materiai

94 3140 179 3217 copia
199 3141 336 3217 conquiri
355 3141 454 3212 debet,
475 3141 591 3198 concita
611 3159 665 3217 per
686 3145 771 3199 ardue

94 3231 190 3288 omnis
213 3237 249 3289 ui
272 3232 405 3289 studium
427 3231 537 3288 mentis
556 3232 664 3288 conixa
684 3237 829 3307 sequatur
840 3250 852 3307 3

94 3330 131 3384 ut
150 3325 252 3386 rideas
270 3326 381 3384 initum
402 3331 502 3383 motus
523 3344 542 3384 a
563 3325 651 3384 corde
670 3327 766 3384 creari
