<?xml version="1.0" encoding="UTF-8"?>
<!DOCTYPE html PUBLIC "-//W3C//DTD XHTML 1.0 Transitional//EN"
    "http://www.w3.org/TR/xhtml1/DTD/xhtml1-transitional.dtd">
<html xmlns="http://www.w3.org/1999/xhtml" xml:lang="en" lang="en">
 <head>
  <title>
</title>
<meta http-equiv="Content-Type" content="text/html;charset=utf-8" />
  <meta name='ocr-system' content='tesseract 3.04.00' />
  <meta name='ocr-capabilities' content='ocr_page ocr_carea ocr_par ocr_line ocrx_word'/>
</head>
<body>
  <div class='ocr_page' id='page_1' title='image "./tlucreticarider00leegoog_0091.png"; bbox 0 0 2198 3764; ppageno 0'>
   <div class='ocr_carea' id='block_1_1' title="bbox 20 198 634 267">
    <p class='ocr_par' dir='ltr' id='par_1_1' title="bbox 20 198 634 267">
     <span class='ocr_line' id='line_1_1' title="bbox 20 198 634 267; baseline 0 -3"><span class='ocrx_word' id='word_1_1' title='bbox 20 198 22 204; x_wconf 65' lang='grc'><strong>’</strong></span> <span class='ocrx_word' id='word_1_2' title='bbox 53 211 58 220; x_wconf 95' lang='grc'><strong><em>’</em></strong></span> <span class='ocrx_word' id='word_1_3' title='bbox 90 208 130 267; x_wconf 84' lang='grc'><strong>40</strong></span> <span class='ocrx_word' id='word_1_4' title='bbox 444 205 634 266; x_wconf 74' lang='lat' dir='ltr'><em>LUCREPI</em></span> 
     </span>
    </p>
   </div>
   <div class='ocr_carea' id='block_1_2' title="bbox 87 353 995 1892">
    <p class='ocr_par' dir='ltr' id='par_1_2' title="bbox 89 353 855 529">
     <span class='ocr_line' id='line_1_2' title="bbox 90 353 855 430; baseline 0.007 -20"><span class='ocrx_word' id='word_1_5' title='bbox 90 372 210 430; x_wconf 84' lang='lat' dir='ltr'><strong>corpore</strong></span> <span class='ocrx_word' id='word_1_6' title='bbox 229 353 381 411; x_wconf 86' lang='lat' dir='ltr'><strong>seiunctus</strong></span> <span class='ocrx_word' id='word_1_7' title='bbox 402 353 486 412; x_wconf 91' lang='lat' dir='ltr'><strong>dolor</strong></span> <span class='ocrx_word' id='word_1_8' title='bbox 506 355 592 428; x_wconf 85' lang='lat' dir='ltr'><strong>absit,</strong></span> <span class='ocrx_word' id='word_1_9' title='bbox 614 361 715 414; x_wconf 89' lang='lat' dir='ltr'><strong>mente</strong></span> <span class='ocrx_word' id='word_1_10' title='bbox 734 355 855 416; x_wconf 78' lang='lat' dir='ltr'><strong>fruatur</strong></span> 
     </span>
     <span class='ocr_line' id='line_1_3' title="bbox 89 449 745 529; baseline 0.003 -21"><span class='ocrx_word' id='word_1_11' title='bbox 89 450 218 508; x_wconf 89' lang='lat' dir='ltr'><strong>iucundo</strong></span> <span class='ocrx_word' id='word_1_12' title='bbox 238 468 326 506; x_wconf 88' lang='lat' dir='ltr'><strong>sensu</strong></span> <span class='ocrx_word' id='word_1_13' title='bbox 348 468 420 507; x_wconf 87' lang='lat' dir='ltr'><strong>cura</strong></span> <span class='ocrx_word' id='word_1_14' title='bbox 440 449 563 508; x_wconf 89' lang='lat' dir='ltr'><strong>semotu’</strong></span> <span class='ocrx_word' id='word_1_15' title='bbox 583 454 745 529; x_wconf 82' lang='lat' dir='ltr'><strong>metuquel</strong></span> 
     </span>
    </p>

    <p class='ocr_par' dir='ltr' id='par_1_3' title="bbox 89 547 995 918">
     <span class='ocr_line' id='line_1_4' title="bbox 89 547 995 626; baseline 0.006 -21"><span class='ocrx_word' id='word_1_16' title='bbox 89 567 159 625; x_wconf 83' lang='lat' dir='ltr'><strong>ergo</strong></span> <span class='ocrx_word' id='word_1_17' title='bbox 179 566 346 625; x_wconf 88' lang='lat' dir='ltr'><strong>corpoream</strong></span> <span class='ocrx_word' id='word_1_18' title='bbox 366 547 405 606; x_wconf 82' lang='lat' dir='ltr'><strong>ad</strong></span> <span class='ocrx_word' id='word_1_19' title='bbox 423 555 561 606; x_wconf 87' lang='lat' dir='ltr'><strong>naturam</strong></span> <span class='ocrx_word' id='word_1_20' title='bbox 583 569 676 626; x_wconf 87' lang='lat' dir='ltr'><strong>pauca</strong></span> <span class='ocrx_word' id='word_1_21' title='bbox 697 549 832 608; x_wconf 84' lang='lat' dir='ltr'><strong>videmus</strong></span> <span class='ocrx_word' id='word_1_22' title='bbox 956 551 995 611; x_wconf 82' lang='lat'><strong>20</strong></span> 
     </span>
     <span class='ocr_line' id='line_1_5' title="bbox 89 646 951 724; baseline 0.003 -20"><span class='ocrx_word' id='word_1_23' title='bbox 89 665 153 704; x_wconf 89' lang='lat' dir='ltr'><strong>osse</strong></span> <span class='ocrx_word' id='word_1_24' title='bbox 172 664 246 722; x_wconf 87' lang='lat' dir='ltr'><strong>opus</strong></span> <span class='ocrx_word' id='word_1_25' title='bbox 266 646 395 717; x_wconf 92' lang='lat' dir='ltr'><strong>omnino,</strong></span> <span class='ocrx_word' id='word_1_26' title='bbox 417 665 493 723; x_wconf 83' lang='lat' dir='ltr'><strong>quas</strong></span> <span class='ocrx_word' id='word_1_27' title='bbox 514 646 636 704; x_wconf 88' lang='lat' dir='ltr'><strong>demant</strong></span> <span class='ocrx_word' id='word_1_28' title='bbox 657 667 782 724; x_wconf 88' lang='lat' dir='ltr'><strong>cumque</strong></span> <span class='ocrx_word' id='word_1_29' title='bbox 804 648 951 707; x_wconf 88' lang='lat' dir='ltr'><strong>dolorem.</strong></span> 
     </span>
     <span class='ocr_line' id='line_1_6' title="bbox 90 742 890 821; baseline 0.003 -19"><span class='ocrx_word' id='word_1_30' title='bbox 90 743 210 802; x_wconf 78' lang='lat' dir='ltr'><strong>delicias</strong></span> <span class='ocrx_word' id='word_1_31' title='bbox 229 761 345 821; x_wconf 85' lang='lat' dir='ltr'><strong>quoquo</strong></span> <span class='ocrx_word' id='word_1_32' title='bbox 367 742 413 800; x_wconf 89' lang='lat' dir='ltr'><strong>uti</strong></span> <span class='ocrx_word' id='word_1_33' title='bbox 433 743 544 801; x_wconf 85' lang='lat' dir='ltr'><strong>multas</strong></span> <span class='ocrx_word' id='word_1_34' title='bbox 564 745 751 803; x_wconf 76' lang='lat' dir='ltr'><strong>substernere</strong></span> <span class='ocrx_word' id='word_1_35' title='bbox 771 744 890 821; x_wconf 85' lang='lat' dir='ltr'><strong>possint</strong></span> 
     </span>
     <span class='ocr_line' id='line_1_7' title="bbox 89 840 875 918; baseline 0 -20"><span class='ocrx_word' id='word_1_36' title='bbox 89 841 204 918; x_wconf 82' lang='lat' dir='ltr'><strong>gratius</strong></span> <span class='ocrx_word' id='word_1_37' title='bbox 224 840 384 912; x_wconf 90' lang='lat' dir='ltr'><strong>interdum,</strong></span> <span class='ocrx_word' id='word_1_38' title='bbox 405 858 502 916; x_wconf 89' lang='lat' dir='ltr'><strong>neque</strong></span> <span class='ocrx_word' id='word_1_39' title='bbox 523 846 633 898; x_wconf 84' lang='lat' dir='ltr'><strong>natura</strong></span> <span class='ocrx_word' id='word_1_40' title='bbox 653 840 720 918; x_wconf 90' lang='lat' dir='ltr'><strong>ipsa</strong></span> <span class='ocrx_word' id='word_1_41' title='bbox 739 841 875 918; x_wconf 78' lang='lat' dir='ltr'><strong>requirit,</strong></span> 
     </span>
    </p>

    <p class='ocr_par' dir='ltr' id='par_1_4' title="bbox 87 936 994 1209">
     <span class='ocr_line' id='line_1_8' title="bbox 87 936 919 1017; baseline 0.006 -23"><span class='ocrx_word' id='word_1_42' title='bbox 87 937 117 994; x_wconf 85' lang='lat' dir='ltr'><strong>si</strong></span> <span class='ocrx_word' id='word_1_43' title='bbox 135 957 196 995; x_wconf 89' lang='lat' dir='ltr'><strong>non</strong></span> <span class='ocrx_word' id='word_1_44' title='bbox 215 956 305 995; x_wconf 87' lang='lat' dir='ltr'><strong>aurea</strong></span> <span class='ocrx_word' id='word_1_45' title='bbox 324 942 395 995; x_wconf 83' lang='lat' dir='ltr'><strong>sunt</strong></span> <span class='ocrx_word' id='word_1_46' title='bbox 414 936 557 995; x_wconf 85' lang='lat' dir='ltr'><strong>iuvenum</strong></span> <span class='ocrx_word' id='word_1_47' title='bbox 576 938 735 996; x_wconf 85' lang='lat' dir='ltr'><strong>simulacra</strong></span> <span class='ocrx_word' id='word_1_48' title='bbox 753 959 806 1017; x_wconf 89' lang='lat' dir='ltr'><strong>per</strong></span> <span class='ocrx_word' id='word_1_49' title='bbox 826 940 919 999; x_wconf 79' lang='lat' dir='ltr'><strong>cedes</strong></span> 
     </span>
     <span class='ocr_line' id='line_1_9' title="bbox 89 1033 994 1111; baseline 0.004 -20"><span class='ocrx_word' id='word_1_50' title='bbox 89 1034 241 1111; x_wconf 73' lang='lat' dir='ltr'><strong>lampadas</strong></span> <span class='ocrx_word' id='word_1_51' title='bbox 261 1033 403 1110; x_wconf 78' lang='lat' dir='ltr'><strong>igniferas</strong></span> <span class='ocrx_word' id='word_1_52' title='bbox 423 1034 560 1092; x_wconf 89' lang='lat' dir='ltr'><strong>manibus</strong></span> <span class='ocrx_word' id='word_1_53' title='bbox 581 1034 743 1093; x_wconf 71' lang='lat' dir='ltr'><strong>retinentia</strong></span> <span class='ocrx_word' id='word_1_54' title='bbox 762 1036 888 1109; x_wconf 84' lang='lat' dir='ltr'><strong>dextris,</strong></span> <span class='ocrx_word' id='word_1_55' title='bbox 956 1036 994 1095; x_wconf 81' lang='lat'><strong>25</strong></span> 
     </span>
     <span class='ocr_line' id='line_1_10' title="bbox 89 1132 806 1209; baseline 0 -17"><span class='ocrx_word' id='word_1_56' title='bbox 89 1133 203 1191; x_wconf 91' lang='lat' dir='ltr'><strong>lumina</strong></span> <span class='ocrx_word' id='word_1_57' title='bbox 223 1133 377 1192; x_wconf 70' lang='lat' dir='ltr'><strong>nocturnis</strong></span> <span class='ocrx_word' id='word_1_58' title='bbox 396 1132 491 1209; x_wconf 85' lang='lat' dir='ltr'><strong>apulis</strong></span> <span class='ocrx_word' id='word_1_59' title='bbox 513 1138 549 1190; x_wconf 90' lang='lat' dir='ltr'><strong>ut</strong></span> <span class='ocrx_word' id='word_1_60' title='bbox 569 1133 806 1209; x_wconf 78' lang='lat' dir='ltr'><strong>suppeditentur,</strong></span> 
     </span>
    </p>

    <p class='ocr_par' dir='ltr' id='par_1_5' title="bbox 89 1230 817 1307">
     <span class='ocr_line' id='line_1_11' title="bbox 89 1230 817 1307; baseline 0.001 -18"><span class='ocrx_word' id='word_1_61' title='bbox 89 1250 144 1290; x_wconf 89' lang='lat' dir='ltr'><strong>nec</strong></span> <span class='ocrx_word' id='word_1_62' title='bbox 164 1231 269 1289; x_wconf 89' lang='lat' dir='ltr'><strong>domus</strong></span> <span class='ocrx_word' id='word_1_63' title='bbox 289 1235 413 1307; x_wconf 87' lang='lat' dir='ltr'><strong>argento</strong></span> <span class='ocrx_word' id='word_1_64' title='bbox 433 1230 529 1306; x_wconf 85' lang='lat' dir='ltr'><strong>fulget</strong></span> <span class='ocrx_word' id='word_1_65' title='bbox 549 1249 680 1307; x_wconf 91' lang='lat' dir='ltr'><strong>auroque</strong></span> <span class='ocrx_word' id='word_1_66' title='bbox 701 1231 817 1290; x_wconf 89' lang='lat' dir='ltr'><strong>renidet</strong></span> 
     </span>
    </p>

    <p class='ocr_par' dir='ltr' id='par_1_6' title="bbox 89 1326 898 1405">
     <span class='ocr_line' id='line_1_12' title="bbox 89 1326 898 1405; baseline -0.001 -19"><span class='ocrx_word' id='word_1_67' title='bbox 89 1346 145 1387; x_wconf 84' lang='lat' dir='ltr'><strong>nec</strong></span> <span class='ocrx_word' id='word_1_68' title='bbox 166 1327 297 1386; x_wconf 82' lang='lat' dir='ltr'><strong>citharae</strong></span> <span class='ocrx_word' id='word_1_69' title='bbox 317 1327 443 1385; x_wconf 85' lang='lat' dir='ltr'><strong>reboant</strong></span> <span class='ocrx_word' id='word_1_70' title='bbox 462 1326 600 1403; x_wconf 74' lang='lat' dir='ltr'><strong>laqueata</strong></span> <span class='ocrx_word' id='word_1_71' title='bbox 621 1333 784 1405; x_wconf 79' lang='lat' dir='ltr'><strong>aurataque</strong></span> <span class='ocrx_word' id='word_1_72' title='bbox 804 1332 898 1402; x_wconf 82' lang='lat' dir='ltr'><strong>tecta,</strong></span> 
     </span>
    </p>

    <p class='ocr_par' dir='ltr' id='par_1_7' title="bbox 89 1424 994 1795">
     <span class='ocr_line' id='line_1_13' title="bbox 89 1424 903 1503; baseline -0.001 -18"><span class='ocrx_word' id='word_1_73' title='bbox 89 1445 157 1485; x_wconf 89' lang='lat' dir='ltr'><strong>curn</strong></span> <span class='ocrx_word' id='word_1_74' title='bbox 176 1431 279 1485; x_wconf 89' lang='lat' dir='ltr'><strong>tamen</strong></span> <span class='ocrx_word' id='word_1_75' title='bbox 297 1424 378 1482; x_wconf 86' lang='lat' dir='ltr'><strong>inter</strong></span> <span class='ocrx_word' id='word_1_76' title='bbox 397 1443 429 1483; x_wconf 90' lang='lat' dir='ltr'><strong>se</strong></span> <span class='ocrx_word' id='word_1_77' title='bbox 448 1425 591 1503; x_wconf 75' lang='lat' dir='ltr'><strong>prostrati</strong></span> <span class='ocrx_word' id='word_1_78' title='bbox 610 1424 643 1482; x_wconf 91' lang='lat' dir='ltr'><strong>in</strong></span> <span class='ocrx_word' id='word_1_79' title='bbox 663 1425 796 1502; x_wconf 79' lang='lat' dir='ltr'><strong>gramine</strong></span> <span class='ocrx_word' id='word_1_80' title='bbox 814 1426 903 1484; x_wconf 90' lang='lat' dir='ltr'><strong>molli</strong></span> 
     </span>
     <span class='ocr_line' id='line_1_14' title="bbox 90 1521 994 1602; baseline -0.001 -20"><span class='ocrx_word' id='word_1_81' title='bbox 90 1530 212 1602; x_wconf 87' lang='lat' dir='ltr'><strong>propter</strong></span> <span class='ocrx_word' id='word_1_82' title='bbox 230 1541 325 1599; x_wconf 87' lang='lat' dir='ltr'><strong>aquae</strong></span> <span class='ocrx_word' id='word_1_83' title='bbox 344 1521 443 1579; x_wconf 85' lang='lat' dir='ltr'><strong>rivum</strong></span> <span class='ocrx_word' id='word_1_84' title='bbox 463 1521 519 1579; x_wconf 89' lang='lat' dir='ltr'><strong>sub</strong></span> <span class='ocrx_word' id='word_1_85' title='bbox 539 1521 631 1579; x_wconf 87' lang='lat' dir='ltr'><strong>ramis</strong></span> <span class='ocrx_word' id='word_1_86' title='bbox 650 1522 764 1580; x_wconf 89' lang='lat' dir='ltr'><strong>arboris</strong></span> <span class='ocrx_word' id='word_1_87' title='bbox 783 1521 863 1581; x_wconf 84' lang='lat' dir='ltr'><strong>altae</strong></span> <span class='ocrx_word' id='word_1_88' title='bbox 955 1523 994 1581; x_wconf 88' lang='grc'><strong>30</strong></span> 
     </span>
     <span class='ocr_line' id='line_1_15' title="bbox 90 1618 925 1696; baseline -0.001 -17"><span class='ocrx_word' id='word_1_89' title='bbox 90 1640 152 1680; x_wconf 89' lang='lat' dir='ltr'><strong>non</strong></span> <span class='ocrx_word' id='word_1_90' title='bbox 171 1620 286 1696; x_wconf 87' lang='lat' dir='ltr'><strong>magnis</strong></span> <span class='ocrx_word' id='word_1_91' title='bbox 306 1619 411 1696; x_wconf 88' lang='lat' dir='ltr'><strong>opibus</strong></span> <span class='ocrx_word' id='word_1_92' title='bbox 430 1618 560 1678; x_wconf 86' lang='lat' dir='ltr'><strong>iucunde</strong></span> <span class='ocrx_word' id='word_1_93' title='bbox 580 1638 702 1696; x_wconf 87' lang='lat' dir='ltr'><strong>corpora</strong></span> <span class='ocrx_word' id='word_1_94' title='bbox 721 1626 837 1692; x_wconf 87' lang='lat' dir='ltr'><strong>curant,</strong></span> <span class='ocrx_word' id='word_1_95' title='bbox 922 1623 925 1627; x_wconf 84' lang='grc'><strong><em>’</em></strong></span> 
     </span>
     <span class='ocr_line' id='line_1_16' title="bbox 90 1717 813 1795; baseline -0.003 -18"><span class='ocrx_word' id='word_1_96' title='bbox 90 1719 263 1795; x_wconf 87' lang='lat' dir='ltr'><strong>praesertim</strong></span> <span class='ocrx_word' id='word_1_97' title='bbox 283 1735 351 1774; x_wconf 91' lang='lat' dir='ltr'><strong>cum</strong></span> <span class='ocrx_word' id='word_1_98' title='bbox 370 1721 532 1794; x_wconf 81' lang='lat' dir='ltr'><strong>tempestas</strong></span> <span class='ocrx_word' id='word_1_99' title='bbox 551 1717 670 1775; x_wconf 86' lang='lat' dir='ltr'><strong>adridet</strong></span> <span class='ocrx_word' id='word_1_100' title='bbox 689 1722 720 1775; x_wconf 87' lang='lat' dir='ltr'><strong>ot</strong></span> <span class='ocrx_word' id='word_1_101' title='bbox 740 1717 813 1775; x_wconf 91' lang='lat' dir='ltr'><strong>anni</strong></span> 
     </span>
    </p>

    <p class='ocr_par' dir='ltr' id='par_1_8' title="bbox 91 1812 899 1892">
     <span class='ocr_line' id='line_1_17' title="bbox 91 1812 899 1892; baseline 0.006 -21"><span class='ocrx_word' id='word_1_102' title='bbox 91 1820 225 1892; x_wconf 86' lang='lat' dir='ltr'><strong>tempora</strong></span> <span class='ocrx_word' id='word_1_103' title='bbox 245 1819 444 1892; x_wconf 80' lang='lat' dir='ltr'><strong>conspergunt</strong></span> <span class='ocrx_word' id='word_1_104' title='bbox 462 1812 622 1873; x_wconf 85' lang='lat' dir='ltr'><strong>viridantis</strong></span> <span class='ocrx_word' id='word_1_105' title='bbox 641 1813 763 1872; x_wconf 84' lang='lat' dir='ltr'><strong>floribus</strong></span> <span class='ocrx_word' id='word_1_106' title='bbox 782 1814 899 1876; x_wconf 79' lang='lat' dir='ltr'><strong>herbas</strong></span> 
     </span>
    </p>
   </div>
   <div class='ocr_carea' id='block_1_3' title="bbox 92 1970 995 2244">
    <p class='ocr_par' dir='ltr' id='par_1_9' title="bbox 92 1970 995 2244">
     <span class='ocr_line' id='line_1_18' title="bbox 92 1970 995 2051; baseline 0.007 -21"><span class='ocrx_word' id='word_1_107' title='bbox 92 1970 299 2048; x_wconf 74' lang='lat' dir='ltr'><strong>Mopm&#39;ficcrwc</strong></span> <span class='ocrx_word' id='word_1_108' title='bbox 318 1981 425 2032; x_wconf 79' lang='lat' dir='ltr'><strong>cannot</strong></span> <span class='ocrx_word' id='word_1_109' title='bbox 439 1971 507 2048; x_wconf 72' lang='lat' dir='ltr'><strong>free</strong></span> <span class='ocrx_word' id='word_1_110' title='bbox 527 1973 572 2032; x_wconf 78' lang='lat' dir='ltr'><strong>tle</strong></span> <span class='ocrx_word' id='word_1_111' title='bbox 595 1973 669 2049; x_wconf 73' lang='lat' dir='ltr'><strong>body</strong></span> <span class='ocrx_word' id='word_1_112' title='bbox 683 1972 771 2049; x_wconf 83' lang='lat' dir='ltr'><strong>from</strong></span> <span class='ocrx_word' id='word_1_113' title='bbox 788 1975 867 2051; x_wconf 73' lang='lat' dir='ltr'><strong>pain</strong></span> <span class='ocrx_word' id='word_1_114' title='bbox 890 1997 927 2036; x_wconf 83' lang='lat' dir='ltr'><strong>or</strong></span> <span class='ocrx_word' id='word_1_115' title='bbox 948 1979 995 2036; x_wconf 68' lang='lat' dir='ltr'><strong>tlte</strong></span> 
     </span>
     <span class='ocr_line' id='line_1_19' title="bbox 130 2069 994 2149; baseline 0.006 -19"><span class='ocrx_word' id='word_1_116' title='bbox 130 2071 218 2130; x_wconf 77' lang='lat' dir='ltr'><strong>mind</strong></span> <span class='ocrx_word' id='word_1_117' title='bbox 226 2069 313 2148; x_wconf 81' lang='lat' dir='ltr'><strong>from</strong></span> <span class='ocrx_word' id='word_1_118' title='bbox 330 2071 518 2147; x_wconf 74' lang='lat' dir='ltr'><strong>superstition</strong></span> <span class='ocrx_word' id='word_1_119' title='bbox 535 2072 599 2130; x_wconf 81' lang='lat' dir='ltr'><strong>and</strong></span> <span class='ocrx_word' id='word_1_120' title='bbox 608 2071 682 2147; x_wconf 77' lang='lat' dir='ltr'><strong>feosr</strong></span> <span class='ocrx_word' id='word_1_121' title='bbox 694 2071 733 2149; x_wconf 76' lang='lat' dir='ltr'><strong>of</strong></span> <span class='ocrx_word' id='word_1_122' title='bbox 744 2074 838 2136; x_wconf 72' lang='lat' dir='ltr'><strong>death.</strong></span> <span class='ocrx_word' id='word_1_123' title='bbox 882 2075 994 2136; x_wconf 75' lang='lat' dir='ltr'><strong>Koow·</strong></span> 
     </span>
     <span class='ocr_line' id='line_1_20' title="bbox 131 2165 666 2244; baseline 0.004 -16"><span class='ocrx_word' id='word_1_124' title='bbox 131 2167 210 2244; x_wconf 70' lang='lat' dir='ltr'><strong>ledqe</strong></span> <span class='ocrx_word' id='word_1_125' title='bbox 222 2165 372 2243; x_wconf 71' lang='lat' dir='ltr'><strong>ofooturc</strong></span> <span class='ocrx_word' id='word_1_126' title='bbox 385 2167 468 2226; x_wconf 74' lang='lat' dir='ltr'><strong>aleos</strong></span> <span class='ocrx_word' id='word_1_127' title='bbox 480 2189 537 2228; x_wconf 78' lang='lat' dir='ltr'><strong>coa</strong></span> <span class='ocrx_word' id='word_1_128' title='bbox 549 2170 587 2229; x_wconf 86' lang='lat' dir='ltr'><strong>do</strong></span> <span class='ocrx_word' id='word_1_129' title='bbox 601 2169 666 2232; x_wconf 67' lang='lat' dir='ltr'><strong>tta.</strong></span> 
     </span>
    </p>
   </div>
   <div class='ocr_carea' id='block_1_4' title="bbox 91 2297 993 3443">
    <p class='ocr_par' dir='ltr' id='par_1_10' title="bbox 91 2297 993 2764">
     <span class='ocr_line' id='line_1_21' title="bbox 92 2297 819 2378; baseline 0.007 -22"><span class='ocrx_word' id='word_1_130' title='bbox 92 2317 147 2357; x_wconf 89' lang='lat' dir='ltr'><strong>neo</strong></span> <span class='ocrx_word' id='word_1_131' title='bbox 165 2297 278 2356; x_wconf 84' lang='lat' dir='ltr'><strong>calidae</strong></span> <span class='ocrx_word' id='word_1_132' title='bbox 297 2297 387 2356; x_wconf 88' lang='lat' dir='ltr'><strong>citius</strong></span> <span class='ocrx_word' id='word_1_133' title='bbox 407 2297 554 2357; x_wconf 86' lang='lat' dir='ltr'><strong>decedunt</strong></span> <span class='ocrx_word' id='word_1_134' title='bbox 573 2319 694 2378; x_wconf 86' lang='lat' dir='ltr'><strong>corpora</strong></span> <span class='ocrx_word' id='word_1_135' title='bbox 713 2300 819 2377; x_wconf 83' lang='lat' dir='ltr'><strong>febres,</strong></span> 
     </span>
     <span class='ocr_line' id='line_1_22' title="bbox 91 2393 993 2472; baseline 0.011 -21"><span class='ocrx_word' id='word_1_136' title='bbox 91 2393 248 2452; x_wconf 85' lang='lat' dir='ltr'><strong>textilibus</strong></span> <span class='ocrx_word' id='word_1_137' title='bbox 267 2393 293 2451; x_wconf 90' lang='lat' dir='ltr'><strong>si</strong></span> <span class='ocrx_word' id='word_1_138' title='bbox 312 2393 345 2451; x_wconf 92' lang='lat' dir='ltr'><strong>in</strong></span> <span class='ocrx_word' id='word_1_139' title='bbox 365 2394 490 2471; x_wconf 86' lang='lat' dir='ltr'><strong>picturis</strong></span> <span class='ocrx_word' id='word_1_140' title='bbox 509 2401 648 2472; x_wconf 90' lang='lat' dir='ltr'><strong>ostroque</strong></span> <span class='ocrx_word' id='word_1_141' title='bbox 667 2398 788 2456; x_wconf 86' lang='lat' dir='ltr'><strong>rubenti</strong></span> <span class='ocrx_word' id='word_1_142' title='bbox 955 2403 993 2461; x_wconf 76' lang='lat'><strong>35</strong></span> 
     </span>
     <span class='ocr_line' id='line_1_23' title="bbox 92 2490 932 2567; baseline 0.01 -18"><span class='ocrx_word' id='word_1_143' title='bbox 92 2490 219 2563; x_wconf 77' lang='lat' dir='ltr'><strong>iactaris,</strong></span> <span class='ocrx_word' id='word_1_144' title='bbox 239 2508 328 2567; x_wconf 89' lang='lat' dir='ltr'><strong>quarn</strong></span> <span class='ocrx_word' id='word_1_145' title='bbox 348 2490 375 2548; x_wconf 90' lang='lat' dir='ltr'><strong>si</strong></span> <span class='ocrx_word' id='word_1_146' title='bbox 393 2490 427 2548; x_wconf 93' lang='lat' dir='ltr'><strong>in</strong></span> <span class='ocrx_word' id='word_1_147' title='bbox 446 2491 562 2567; x_wconf 89' lang='lat' dir='ltr'><strong>plebeia</strong></span> <span class='ocrx_word' id='word_1_148' title='bbox 581 2498 664 2550; x_wconf 87' lang='lat' dir='ltr'><strong>veste</strong></span> <span class='ocrx_word' id='word_1_149' title='bbox 684 2494 853 2552; x_wconf 90' lang='lat' dir='ltr'><strong>cubandum</strong></span> <span class='ocrx_word' id='word_1_150' title='bbox 875 2503 932 2558; x_wconf 75' lang='lat' dir='ltr'><strong>est</strong></span> 
     </span>
     <span class='ocr_line' id='line_1_24' title="bbox 93 2587 924 2669; baseline 0.005 -24"><span class='ocrx_word' id='word_1_151' title='bbox 93 2591 273 2664; x_wconf 87' lang='lat' dir='ltr'><strong>quapropter</strong></span> <span class='ocrx_word' id='word_1_152' title='bbox 292 2587 430 2664; x_wconf 89' lang='lat' dir='ltr'><strong>quoniam</strong></span> <span class='ocrx_word' id='word_1_153' title='bbox 451 2587 496 2644; x_wconf 92' lang='lat' dir='ltr'><strong>nil</strong></span> <span class='ocrx_word' id='word_1_154' title='bbox 515 2593 617 2646; x_wconf 88' lang='lat' dir='ltr'><strong>nostro</strong></span> <span class='ocrx_word' id='word_1_155' title='bbox 638 2588 671 2647; x_wconf 91' lang='lat' dir='ltr'><strong>in</strong></span> <span class='ocrx_word' id='word_1_156' title='bbox 691 2608 811 2667; x_wconf 89' lang='lat' dir='ltr'><strong>corpore</strong></span> <span class='ocrx_word' id='word_1_157' title='bbox 831 2611 924 2669; x_wconf 78' lang='lat' dir='ltr'><strong>gazae</strong></span> 
     </span>
     <span class='ocr_line' id='line_1_25' title="bbox 93 2684 827 2764; baseline 0.003 -21"><span class='ocrx_word' id='word_1_158' title='bbox 93 2685 252 2761; x_wconf 90' lang='lat' dir='ltr'><strong>proficiunt</strong></span> <span class='ocrx_word' id='word_1_159' title='bbox 271 2703 367 2761; x_wconf 88' lang='lat' dir='ltr'><strong>neque</strong></span> <span class='ocrx_word' id='word_1_160' title='bbox 384 2684 525 2743; x_wconf 84' lang='lat' dir='ltr'><strong>nobilitas</strong></span> <span class='ocrx_word' id='word_1_161' title='bbox 545 2705 600 2744; x_wconf 88' lang='lat' dir='ltr'><strong>nec</strong></span> <span class='ocrx_word' id='word_1_162' title='bbox 619 2687 715 2764; x_wconf 82' lang='lat' dir='ltr'><strong>gloria</strong></span> <span class='ocrx_word' id='word_1_163' title='bbox 733 2689 827 2764; x_wconf 82' lang='lat' dir='ltr'><strong>regni,</strong></span> 
     </span>
    </p>

    <p class='ocr_par' dir='ltr' id='par_1_11' title="bbox 93 2781 993 3052">
     <span class='ocr_line' id='line_1_26' title="bbox 93 2781 984 2864; baseline 0.008 -23"><span class='ocrx_word' id='word_1_164' title='bbox 93 2782 173 2860; x_wconf 87' lang='lat' dir='ltr'><strong>quod</strong></span> <span class='ocrx_word' id='word_1_165' title='bbox 185 2786 325 2858; x_wconf 80' lang='lat' dir='ltr'><strong>superest,</strong></span> <span class='ocrx_word' id='word_1_166' title='bbox 340 2781 439 2839; x_wconf 85' lang='lat' dir='ltr'><strong>animo</strong></span> <span class='ocrx_word' id='word_1_167' title='bbox 452 2801 569 2860; x_wconf 91' lang='lat' dir='ltr'><strong>quoque</strong></span> <span class='ocrx_word' id='word_1_168' title='bbox 582 2783 627 2840; x_wconf 92' lang='lat' dir='ltr'><strong>nil</strong></span> <span class='ocrx_word' id='word_1_169' title='bbox 640 2784 777 2861; x_wconf 84' lang='lat' dir='ltr'><strong>prodesse</strong></span> <span class='ocrx_word' id='word_1_170' title='bbox 790 2789 984 2864; x_wconf 66' lang='lat' dir='ltr'><strong>putandum</strong></span> 
     </span>
     <span class='ocr_line' id='line_1_27' title="bbox 93 2878 993 2959; baseline 0.003 -21"><span class='ocrx_word' id='word_1_171' title='bbox 93 2882 120 2938; x_wconf 89' lang='lat' dir='ltr'><strong>si</strong></span> <span class='ocrx_word' id='word_1_172' title='bbox 137 2898 199 2937; x_wconf 92' lang='lat' dir='ltr'><strong>non</strong></span> <span class='ocrx_word' id='word_1_173' title='bbox 216 2879 294 2936; x_wconf 82' lang='lat' dir='ltr'><strong>forte</strong></span> <span class='ocrx_word' id='word_1_174' title='bbox 313 2885 382 2937; x_wconf 80' lang='lat' dir='ltr'><strong>tuas</strong></span> <span class='ocrx_word' id='word_1_175' title='bbox 402 2878 531 2955; x_wconf 83' lang='lat' dir='ltr'><strong>legiones</strong></span> <span class='ocrx_word' id='word_1_176' title='bbox 550 2898 604 2956; x_wconf 92' lang='lat' dir='ltr'><strong>per</strong></span> <span class='ocrx_word' id='word_1_177' title='bbox 623 2879 688 2939; x_wconf 87' lang='lat' dir='ltr'><strong>loca</strong></span> <span class='ocrx_word' id='word_1_178' title='bbox 707 2884 804 2959; x_wconf 86' lang='lat' dir='ltr'><strong>campi</strong></span> <span class='ocrx_word' id='word_1_179' title='bbox 954 2887 993 2946; x_wconf 78' lang='grc'><strong>40</strong></span> 
     </span>
     <span class='ocr_line' id='line_1_28' title="bbox 94 2975 820 3052; baseline 0.003 -18"><span class='ocrx_word' id='word_1_180' title='bbox 94 2977 209 3034; x_wconf 83' lang='lat' dir='ltr'><strong>fervere</strong></span> <span class='ocrx_word' id='word_1_181' title='bbox 228 2994 295 3033; x_wconf 89' lang='lat' dir='ltr'><strong>cum</strong></span> <span class='ocrx_word' id='word_1_182' title='bbox 315 2976 417 3034; x_wconf 86' lang='lat' dir='ltr'><strong>videas</strong></span> <span class='ocrx_word' id='word_1_183' title='bbox 436 2975 508 3033; x_wconf 91' lang='lat' dir='ltr'><strong>belli</strong></span> <span class='ocrx_word' id='word_1_184' title='bbox 527 2976 686 3035; x_wconf 86' lang='lat' dir='ltr'><strong>simulacra</strong></span> <span class='ocrx_word' id='word_1_185' title='bbox 704 2977 820 3052; x_wconf 80' lang='lat' dir='ltr'><strong>cientis,</strong></span> 
     </span>
    </p>

    <p class='ocr_par' dir='ltr' id='par_1_12' title="bbox 94 3072 880 3248">
     <span class='ocr_line' id='line_1_29' title="bbox 95 3072 808 3148; baseline 0.003 -16"><span class='ocrx_word' id='word_1_186' title='bbox 95 3072 234 3132; x_wconf 88' lang='lat' dir='ltr'><strong>subsidiis</strong></span> <span class='ocrx_word' id='word_1_187' title='bbox 252 3072 367 3148; x_wconf 87' lang='lat' dir='ltr'><strong>magnis</strong></span> <span class='ocrx_word' id='word_1_188' title='bbox 386 3078 419 3130; x_wconf 90' lang='lat' dir='ltr'><strong>et</strong></span> <span class='ocrx_word' id='word_1_189' title='bbox 438 3090 523 3131; x_wconf 87' lang='lat' dir='ltr'><strong>ecum</strong></span> <span class='ocrx_word' id='word_1_190' title='bbox 542 3073 576 3130; x_wconf 86' lang='lat' dir='ltr'><strong>vi</strong></span> <span class='ocrx_word' id='word_1_191' title='bbox 595 3075 808 3148; x_wconf 85' lang='lat' dir='ltr'><strong>constabilitas,</strong></span> 
     </span>
     <span class='ocr_line' id='line_1_30' title="bbox 94 3167 880 3248; baseline 0.003 -20"><span class='ocrx_word' id='word_1_192' title='bbox 94 3175 266 3243; x_wconf 74' lang='lat' dir='ltr'><strong>ornatasque</strong></span> <span class='ocrx_word' id='word_1_193' title='bbox 286 3167 376 3225; x_wconf 84' lang='lat' dir='ltr'><strong>armis</strong></span> <span class='ocrx_word' id='word_1_194' title='bbox 396 3173 511 3226; x_wconf 83' lang='lat' dir='ltr'><strong>statuas</strong></span> <span class='ocrx_word' id='word_1_195' title='bbox 530 3170 701 3248; x_wconf 73' lang='lat' dir='ltr'><strong>pariterque</strong></span> <span class='ocrx_word' id='word_1_196' title='bbox 720 3171 880 3248; x_wconf 81' lang='lat' dir='ltr'><strong>animatas,</strong></span> 
     </span>
    </p>

    <p class='ocr_par' dir='ltr' id='par_1_13' title="bbox 93 3264 775 3345">
     <span class='ocr_line' id='line_1_31' title="bbox 93 3264 775 3345; baseline 0.001 -20"><span class='ocrx_word' id='word_1_197' title='bbox 93 3267 142 3325; x_wconf 86' lang='lat' dir='ltr'><strong>his</strong></span> <span class='ocrx_word' id='word_1_198' title='bbox 159 3265 218 3324; x_wconf 89' lang='lat' dir='ltr'><strong>tibi</strong></span> <span class='ocrx_word' id='word_1_199' title='bbox 236 3269 302 3323; x_wconf 89' lang='lat' dir='ltr'><strong>turn</strong></span> <span class='ocrx_word' id='word_1_200' title='bbox 321 3264 410 3322; x_wconf 83' lang='lat' dir='ltr'><strong>rebus</strong></span> <span class='ocrx_word' id='word_1_201' title='bbox 429 3264 600 3324; x_wconf 77' lang='lat' dir='ltr'><strong>timefactae</strong></span> <span class='ocrx_word' id='word_1_202' title='bbox 619 3268 775 3345; x_wconf 85' lang='lat' dir='ltr'><strong>religiones</strong></span> 
     </span>
    </p>

    <p class='ocr_par' dir='ltr' id='par_1_14' title="bbox 94 3362 990 3443">
     <span class='ocr_line' id='line_1_32' title="bbox 94 3362 990 3443; baseline 0.007 -19"><span class='ocrx_word' id='word_1_203' title='bbox 94 3363 242 3441; x_wconf 83' lang='lat' dir='ltr'><strong>effugiunt</strong></span> <span class='ocrx_word' id='word_1_204' title='bbox 261 3362 360 3420; x_wconf 89' lang='lat' dir='ltr'><strong>animo</strong></span> <span class='ocrx_word' id='word_1_205' title='bbox 379 3362 486 3440; x_wconf 82' lang='lat' dir='ltr'><strong>pavide</strong></span> <span class='ocrx_word' id='word_1_206' title='bbox 496 3382 506 3438; x_wconf 81' lang='lat'>3</span> <span class='ocrx_word' id='word_1_207' title='bbox 526 3364 687 3443; x_wconf 84' lang='lat' dir='ltr'><strong>mortisque</strong></span> <span class='ocrx_word' id='word_1_208' title='bbox 706 3365 830 3426; x_wconf 87' lang='lat' dir='ltr'><strong>timores</strong></span> <span class='ocrx_word' id='word_1_209' title='bbox 954 3373 990 3431; x_wconf 77' lang='lat'><strong>45</strong></span> 
     </span>
    </p>
   </div>
   <div class='ocr_carea' id='block_1_5' title="bbox 0 0 1107 3764">
    <p class='ocr_par' dir='ltr' id='par_1_15' title="bbox 0 0 1107 3764">
     <span class='ocr_line' id='line_1_33' title="bbox 0 0 1107 3764; baseline 0 0"><span class='ocrx_word' id='word_1_210' title='bbox 0 0 1107 3764; x_wconf 95' lang='lat' dir='ltr'><strong> </strong></span> 
     </span>
    </p>
   </div>
  </div>
 </body>
</html>
