2198 3764
85 174 189 272 'ta
339 164 343 172 ’
502 192 713 274 auorarr'

128 381 255 438 nempe
274 367 377 421 tamen
398 361 509 420 debent
529 368 584 421 aut
604 379 724 421 sensum
745 363 842 441 partia
863 363 979 423 babere
1051 398 1056 413 =

149 463 203 516 aut
222 458 313 516 simili
332 459 405 516 totis
424 459 602 517 animalibus
622 479 686 518 esse
705 460 816 537 putari.

149 558 183 612 at
201 559 352 632 nequeant
372 574 426 632 per
445 574 476 613 se
496 561 596 632 partes
615 555 727 614 sentire
746 575 866 616 neeesse
887 561 956 630 est;
996 556 1053 616 910

149 668 277 727 namque
297 651 357 709 alio
377 670 480 710 sensus
501 653 701 710 membrorum
722 653 845 730 respicit
865 655 977 726 omnis,

149 767 204 806 nee
225 766 331 807 manus
352 768 371 807 a
391 749 477 807 nobis
496 750 576 826 potis
598 755 646 808 eet
666 756 781 808 secreta
797 771 897 828 neque
919 753 986 811 ulla
1048 790 1050 794 .

150 847 280 923 eorporis
300 847 422 905 omnino
442 867 562 905 sensum
583 868 653 926 pars
672 850 735 908 sola
755 854 866 909 tenere.

149 941 297 1019 linquitur
318 947 354 1002 ut
375 944 447 1002 totis
467 944 670 1003 animantibus
691 944 919 1008 adsimulantur.

99 1062 138 1102 ⁹2³
150 1043 192 1100 sie
212 1043 316 1102 itidem
332 1063 414 1121 ¹quae
433 1044 578 1101 sentimus
599 1043 710 1102 sentire
729 1048 887 1120 necessest,
939 1117 942 1121 ,
996 1043 1049 1123 915

99 1167 138 1208 au
150 1138 237 1196 vitali
255 1144 298 1209 ut,
312 1137 427 1216 possint
445 1140 612 1197 consentire
631 1138 763 1216 undique
783 1157 883 1198 sensu.

149 1236 201 1314 qui
220 1228 362 1313 poterunt
382 1237 476 1313 igitur
496 1255 596 1295 rerum
617 1235 779 1314 primordia
798 1234 859 1293 diei

148 1340 181 1393 et
199 1334 254 1393 leti
274 1334 372 1392 vitare
394 1335 464 1407 vias,
486 1334 628 1392 animalia
648 1353 717 1392 eum
737 1332 807 1405 sint,

148 1430 406 1508 adque-animalia
427 1431 488 1489 aiat
509 1430 685 1488 mortalibus
705 1448 767 1488 una
788 1429 976 1507 eademquel
1046 1456 1049 1467 ·

149 1528 228 1604 qued
247 1533 349 1585 tamen
369 1532 405 1585 ut
425 1528 548 1604 possint,
570 1533 603 1585 at
624 1533 709 1584 eoetu
732 1525 917 1602 concilioque
996 1526 1049 1584 920

101 1623 193 1689 emnil
213 1623 463 1701 facienspraeter
484 1624 604 1700 volgum
625 1624 803 1699 turbamque
824 1623 1026 1697 animantum,

149 1720 262 1779 seilicet
282 1726 319 1777 ut
338 1726 490 1797 nequeant
509 1720 643 1778 homines
664 1725 800 1778 armenta
820 1719 967 1800 feraeque

147 1806 229 1876 inter
248 1837 311 1876 sese
332 1818 424 1875 ullam
445 1837 508 1875 rem
530 1817 650 1895 gignere
669 1816 885 1876 conveniundo.

100 1939 137 1980 aas
149 1915 228 1993 quod
249 1915 276 1973 si
297 1915 373 1973 forte
394 1934 481 1974 suum
502 1915 663 1973 dimittunt
683 1933 803 1992 eorpore
824 1934 950 1975 sensum

89 2032 92 2036 ’
148 2021 239 2091 atque
247 2013 339 2071 alium
348 2013 478 2090 capiunt,
488 2013 560 2090 quid
568 2031 642 2090 opus
650 2010 892 2074 fuitadtribuiid
901 2015 985 2092 quod
996 2017 1048 2075 925

148 2110 335 2170 detrahitur?
361 2117 427 2168 tum
447 2116 609 2187 praeterea,
630 2111 709 2188 quod
728 2111 859 2188 fugimus
880 2118 968 2187 ante,

148 2214 295 2287 quatenus
314 2207 348 2265 in
367 2199 464 2285 pullos
483 2206 621 2265 animalis
640 2208 752 2265 vertier
770 2226 829 2266 ova

148 2305 296 2365 cernimus
315 2304 451 2377 alituum,
473 2304 639 2381 vermisque
659 2305 808 2376 effervere,
827 2309 946 2365 terram

147 2403 371 2480 intempestivos
390 2420 480 2479 quom
499 2406 590 2479 puter
609 2401 689 2478 cepit
708 2401 746 2459 ob
765 2400 880 2476 imbris,

147 2501 223 2559 seire
242 2500 313 2558 lieet
331 2499 415 2576 gigni
434 2517 519 2576 pesse
539 2517 578 2556 ex
598 2515 659 2559 uon
678 2498 806 2557 sensibu’
827 2518 943 2561 sensns.
996 2501 1048 2561 930

188 2597 275 2668 Quod
294 2598 321 2656 si
340 2597 419 2655 forte
438 2596 546 2673 aliquis
566 2595 646 2655 dieat
666 2595 825 2654 dumtaxat
844 2595 921 2655 oriri

147 2713 270 2772 possea
289 2715 350 2753 non
370 2713 459 2753 sensu
478 2712 596 2752 sensum
616 2692 826 2764 mutabilitate,

147 2798 202 2850 aut
221 2792 320 2868 aliquo
340 2797 492 2868 tamquam
513 2795 602 2866 partu
622 2791 701 2868 quod
721 2790 858 2868 proditus
878 2797 976 2866 extet,

147 2886 218 2945 huie
237 2889 310 2946 satis
329 2887 406 2947 illud
426 2887 486 2947 erit
504 2887 627 2964 planum
646 2886 743 2946 faeere
762 2892 854 2964 atque
875 2890 1006 2966 probare

147 3003 209 3042 non
228 2984 292 3042 fieri
310 2991 431 3062 partum
450 2984 510 3042 nisi
530 2984 653 3042 coneilio
672 2990 743 3042 ante
763 2990 868 3044 coacto
994 2985 1045 3048 935

146 3079 377 3157 necquicquam
397 3080 574 3138 commutari
592 3080 657 3138 sine
677 3081 843 3141 conciliatu.

147 3175 292 3253 principio
310 3181 464 3252 nequeunt
482 3176 574 3234 ullius
594 3176 724 3252 eorporis
743 3194 807 3234 esse

147 3291 249 3330 sensus
269 3277 339 3329 ante
359 3271 452 3349 ipsam
472 3272 605 3348 genitam
624 3277 763 3331 naturam
783 3267 961 3351 animantis,

146 3368 288 3428 nimirum
308 3370 379 3447 quia
398 3369 536 3428 materies
556 3369 679 3430 disiecta
698 3363 819 3430 tenetur
