2198 3764
423 181 611 271 urerer.
672 270 678 289 s
930 214 965 274 11

64 364 138 418 sunt
157 359 251 437 igitur
270 359 354 420 venti
373 359 517 418 nimirum
536 378 661 437 corpora
681 360 788 420 esees'

63 475 141 533 quae
161 477 251 531 mare,
272 477 349 535 quse
368 464 474 529 terres,
495 477 572 535 quse
591 458 720 536 denique
739 457 845 518 nubila
863 458 939 518 eseli

64 562 190 613 verrunt
210 574 244 613 se
263 556 364 621 subito
383 556 527 615 vexantis
545 556 668 616 turbine
688 563 821 634 raptent,

64 668 120 709 nee
138 651 254 717 ratione
273 653 374 712 fluunt
393 653 453 712 elia
471 660 659 732 stragemque
678 660 845 733 propagent
907 655 968 715 280

67 753 100 808 et
119 766 186 806 eum
207 748 305 808 mo'llis
324 768 420 826 equae
439 750 537 808 fertur
556 757 665 810 neture
684 758 807 829 repente

63 844 187 903 flumine
206 845 383 918 abundanti,
403 865 493 923 quem
513 847 603 924 largis
622 847 768 906 imbribus
788 853 879 925 suget

63 943 215 1001 montibus
234 963 273 1002 ex
293 943 364 1002 eltis
384 963 511 1022 mugnus
530 941 672 1004 decursus
692 944 781 1022 aquei

63 1035 211 1114 fragmina
231 1037 380 1096 coniciens
399 1039 542 1098 silvarum
563 1039 743 1116 arbustaque
762 1044 836 1113 tots,

63 1152 118 1192 nee
137 1133 230 1192 velidi
249 1140 375 1212 possunt
394 1142 500 1212 pontes
521 1136 670 1194 venientis
688 1135 778 1212 aquei
906 1137 965 1196 285

62 1231 125 1289 vim
145 1232 276 1293 subitam
297 1233 444 1292 tolerare:
467 1233 513 1291 ite
532 1233 798 1310 megnoturbidus
816 1232 906 1292 imbri

62 1329 190 1389 molibus
209 1330 338 1388 incurrit
357 1330 466 1389 validis
486 1349 554 1388 eum
575 1331 690 1390 viribus
710 1331 816 1404 amnis,

62 1425 117 1485 dat
135 1427 237 1485 sonitu
255 1446 364 1504 magno
384 1434 513 1504 stragem
534 1427 688 1507 volvitque
708 1429 765 1487 sub
785 1427 874 1486 undis

61 1523 187 1600 grandis
206 1542 295 1582 sexa:
316 1523 379 1582 ruit
400 1544 459 1602 qus
478 1525 624 1603 quidquid
642 1526 783 1586 fluctibus
801 1526 908 1584 obstet.

62 1623 105 1681 sie
124 1624 218 1700 igitur
237 1622 348 1681 debent
367 1623 452 1680 venti
471 1642 589 1700 quoque
609 1624 730 1683 flamine
750 1624 832 1697 ferri,
905 1622 963 1682 290

60 1739 138 1799 quae
158 1720 253 1781 veluti
272 1719 407 1778 validum
427 1739 496 1778 eum
515 1721 628 1779 flumen
647 1722 831 1799 procubuere

60 1818 226 1896 quemlibet
243 1819 278 1875 in
296 1825 423 1894 partem,
443 1819 574 1877 trudunt
593 1839 642 1877 res
661 1826 732 1878 ente
753 1825 904 1898 ruuntque
960 1843 962 1848 ·

60 1916 223 1994 impetibus
242 1916 361 1986 crebris,
382 1909 533 1975 interdum
553 1918 665 1976 vertice
683 1924 765 1977 torto

60 2015 227 2092 corripiunt
245 2015 406 2092 rapideque
426 2015 539 2073 retenti
559 2017 680 2075 turbine
700 2021 830 2094 portent.

60 2134 153 2194 quere
166 2114 257 2174 etiem
270 2121 361 2191 etque
374 2115 465 2173 etiem
478 2121 551 2173 sunt
563 2117 648 2175 venti
661 2136 784 2194 corpore
797 2136 893 2188 oseca,
905 2117 962 2176 295

59 2213 298 2291 quandoquidem
319 2212 407 2271 ieetis
427 2218 459 2272 et
478 2214 611 2273 moribus
631 2216 748 2274 aemule
768 2216 883 2291 magnis

60 2311 198 2370 amnibus
217 2311 422 2385 inveniuntur,
446 2318 549 2387 aperto
569 2331 689 2389 corpere
709 2310 762 2389 qui
782 2319 860 2372 sunt

59 2412 127 2466 tum
147 2426 235 2484 porro
254 2408 353 2465 varios
373 2426 472 2465 rerum
493 2409 639 2465 sentimus
659 2407 765 2467 odores

60 2524 116 2563 nee
135 2511 236 2563 temen
256 2505 295 2563 ed
316 2505 397 2563 naris
417 2505 567 2563 venientis
588 2506 735 2564 cernimus
755 2524 906 2582 umquem,

60 2617 116 2657 nee
136 2599 245 2658 ualidos
264 2605 365 2657 aestus
384 2599 500 2657 tuimur
519 2618 574 2658 nee
593 2599 707 2677 frigore
726 2600 846 2677 quimus
904 2600 964 2658 300

60 2713 205 2772 usurpare
225 2694 318 2753 oeulis
337 2713 393 2753 nee
412 2714 500 2754 voees
520 2714 641 2754 eernere
660 2714 798 2770 suemus3

60 2810 138 2869 quse
157 2797 259 2850 temen
276 2792 378 2850 omnia
398 2811 537 2870 eorpores
558 2799 693 2850 censure
712 2798 861 2851 necessest

60 2892 178 2959 nature,
198 2888 338 2965 quonism
358 2907 463 2946 sensus
481 2888 624 2965 inpellere
643 2894 776 2965 possunt

59 2991 183 3061 tangere
202 2983 282 3042 enim
302 2990 334 3042 et
353 2984 447 3061 tangi,
467 2985 527 3042 nisi
547 3003 662 3062 eorpus,
683 2983 769 3041 nulle
787 2988 887 3060 potest
906 3003 960 3042 res

60 3083 189 3160 denique
206 3081 377 3159 'fluctifrago
397 3100 556 3159 suspensae
576 3082 609 3140 in
629 3081 717 3140 litore
737 3086 836 3139 vestes
905 3081 963 3140 305

59 3185 217 3252 mount,
237 3181 356 3238 eaedem
376 3179 534 3257 dispensae
553 3179 587 3237 in
605 3180 667 3237 sole
687 3183 853 3239 sereseunt.

59 3281 94 3336 st
112 3295 209 3352 neqoe
227 3294 289 3352 que
306 3281 396 3353 pecto
414 3275 578 3353 persederit
597 3294 683 3333 umor
702 3275 793 3352 aquai

58 3373 189 3433 visumst
207 3392 263 3432 neo
282 3392 400 3441 rursum
421 3392 480 3451 quo
500 3378 589 3451 paeto
608 3373 721 3451 fugerit
740 3377 833 3431 aestu.

1011 3480 1040 3539 1
