<?xml version="1.0" encoding="UTF-8"?>
<!DOCTYPE html PUBLIC "-//W3C//DTD XHTML 1.0 Transitional//EN"
    "http://www.w3.org/TR/xhtml1/DTD/xhtml1-transitional.dtd">
<html xmlns="http://www.w3.org/1999/xhtml" xml:lang="en" lang="en">
 <head>
  <title>
</title>
<meta http-equiv="Content-Type" content="text/html;charset=utf-8" />
  <meta name='ocr-system' content='tesseract 3.04.00' />
  <meta name='ocr-capabilities' content='ocr_page ocr_carea ocr_par ocr_line ocrx_word'/>
</head>
<body>
  <div class='ocr_page' id='page_1' title='image "./tlucreticarider00leegoog_0145.png"; bbox 0 0 2198 3764; ppageno 0'>
   <div class='ocr_carea' id='block_1_1' title="bbox 128 201 1016 434">
    <p class='ocr_par' dir='ltr' id='par_1_1' title="bbox 128 201 1016 434">
     <span class='ocr_line' id='line_1_1' title="bbox 129 201 669 269; baseline -0.013 0"><span class='ocrx_word' id='word_1_1' title='bbox 129 209 169 269; x_wconf 73' lang='lat'><strong>⁹4</strong></span> <span class='ocrx_word' id='word_1_2' title='bbox 481 201 669 266; x_wconf 71' lang='lat' dir='ltr'><strong>tuom!</strong></span> 
     </span>
     <span class='ocr_line' id='line_1_2' title="bbox 128 349 1016 434; baseline -0.01 -20"><span class='ocrx_word' id='word_1_3' title='bbox 128 355 229 434; x_wconf 78' lang='lat' dir='ltr'>perdit</span> <span class='ocrx_word' id='word_1_4' title='bbox 248 355 328 413; x_wconf 90' lang='lat' dir='ltr'><strong>enim</strong></span> <span class='ocrx_word' id='word_1_5' title='bbox 349 354 430 432; x_wconf 87' lang='lat' dir='ltr'><strong>quod</strong></span> <span class='ocrx_word' id='word_1_6' title='bbox 452 373 515 412; x_wconf 90' lang='lat' dir='ltr'><strong>non</strong></span> <span class='ocrx_word' id='word_1_7' title='bbox 532 352 686 430; x_wconf 86' lang='lat' dir='ltr'><strong>proprium</strong></span> <span class='ocrx_word' id='word_1_8' title='bbox 705 350 767 408; x_wconf 84' lang='lat' dir='ltr'><strong>fuit</strong></span> <span class='ocrx_word' id='word_1_9' title='bbox 788 350 853 408; x_wconf 86' lang='lat' dir='ltr'><strong>eius</strong></span> <span class='ocrx_word' id='word_1_10' title='bbox 869 349 904 407; x_wconf 89' lang='lat' dir='ltr'><strong>in</strong></span> <span class='ocrx_word' id='word_1_11' title='bbox 922 366 1016 410; x_wconf 60' lang='lat' dir='ltr'><strong>sevos</strong></span> 
     </span>
    </p>
   </div>
   <div class='ocr_carea' id='block_1_2' title="bbox 150 615 1008 802">
    <p class='ocr_par' dir='ltr' id='par_1_2' title="bbox 150 615 1008 802">
     <span class='ocr_line' id='line_1_3' title="bbox 150 615 1008 698; baseline -0.007 -19"><span class='ocrx_word' id='word_1_12' title='bbox 150 619 618 698; x_wconf 64' lang='lat' dir='ltr'><strong>Theyesmenotmmdoom</strong></span> <span class='ocrx_word' id='word_1_13' title='bbox 634 615 824 694; x_wconf 72' lang='lat' dir='ltr'><strong>sor(i)liqtt</strong></span> <span class='ocrx_word' id='word_1_14' title='bbox 836 615 909 674; x_wconf 67' lang='grc' dir='ltr'><strong>τίνω</strong></span> <span class='ocrx_word' id='word_1_15' title='bbox 922 615 1008 686; x_wconf 68' lang='lat' dir='ltr'><strong>theno,</strong></span> 
     </span>
     <span class='ocr_line' id='line_1_4' title="bbox 288 712 864 802; baseline -0.009 -27"><span class='ocrx_word' id='word_1_16' title='bbox 288 712 864 802; x_wconf 69' lang='lat' dir='ltr'><strong>arod(ii)weoonuotseewithoutlhem</strong></span> 
     </span>
    </p>
   </div>
   <div class='ocr_carea' id='block_1_3' title="bbox 129 837 1028 1104">
    <p class='ocr_par' dir='ltr' id='par_1_3' title="bbox 129 837 1028 1104">
     <span class='ocr_line' id='line_1_5' title="bbox 169 837 995 915; baseline -0.006 -18"><span class='ocrx_word' id='word_1_17' title='bbox 169 838 277 896; x_wconf 87' lang='lat' dir='ltr'><strong>Dioere</strong></span> <span class='ocrx_word' id='word_1_18' title='bbox 300 857 388 915; x_wconf 89' lang='lat' dir='ltr'><strong>porro</strong></span> <span class='ocrx_word' id='word_1_19' title='bbox 410 838 512 896; x_wconf 80' lang='lat' dir='ltr'><strong>oeulos</strong></span> <span class='ocrx_word' id='word_1_20' title='bbox 534 837 648 894; x_wconf 76' lang='lat' dir='ltr'><strong>nullum</strong></span> <span class='ocrx_word' id='word_1_21' title='bbox 670 855 735 894; x_wconf 89' lang='lat' dir='ltr'><strong>rem</strong></span> <span class='ocrx_word' id='word_1_22' title='bbox 757 853 876 893; x_wconf 84' lang='lat' dir='ltr'><strong>eernere</strong></span> <span class='ocrx_word' id='word_1_23' title='bbox 898 853 995 911; x_wconf 78' lang='lat' dir='ltr'><strong>posse,</strong></span> 
     </span>
     <span class='ocr_line' id='line_1_6' title="bbox 129 931 1028 1012; baseline -0.006 -19"><span class='ocrx_word' id='word_1_24' title='bbox 129 935 181 993; x_wconf 89' lang='lat' dir='ltr'><strong>sed</strong></span> <span class='ocrx_word' id='word_1_25' title='bbox 199 954 254 1012; x_wconf 86' lang='lat' dir='ltr'><strong>per</strong></span> <span class='ocrx_word' id='word_1_26' title='bbox 269 954 319 993; x_wconf 86' lang='lat' dir='ltr'><strong>eos</strong></span> <span class='ocrx_word' id='word_1_27' title='bbox 336 934 469 992; x_wconf 78' lang='lat' dir='ltr'><strong>animum</strong></span> <span class='ocrx_word' id='word_1_28' title='bbox 487 939 524 992; x_wconf 91' lang='lat' dir='ltr'><strong>ut</strong></span> <span class='ocrx_word' id='word_1_29' title='bbox 536 934 650 991; x_wconf 86' lang='lat' dir='ltr'><strong>foribus</strong></span> <span class='ocrx_word' id='word_1_30' title='bbox 663 937 796 1009; x_wconf 70' lang='lat' dir='ltr'><strong>spectare</strong></span> <span class='ocrx_word' id='word_1_31' title='bbox 809 931 945 1003; x_wconf 76' lang='lat' dir='ltr'>reclusis,</span> <span class='ocrx_word' id='word_1_32' title='bbox 970 931 1028 989; x_wconf 82' lang='lat'><strong>360</strong></span> 
     </span>
     <span class='ocr_line' id='line_1_7' title="bbox 130 1031 870 1104; baseline -0.004 -15"><span class='ocrx_word' id='word_1_33' title='bbox 130 1032 286 1104; x_wconf 83' lang='lat' dir='ltr'><strong>difficilest,</strong></span> <span class='ocrx_word' id='word_1_34' title='bbox 308 1039 413 1090; x_wconf 76' lang='lat' dir='ltr'><strong>eontra</strong></span> <span class='ocrx_word' id='word_1_35' title='bbox 435 1052 502 1090; x_wconf 84' lang='lat' dir='ltr'><strong>oum</strong></span> <span class='ocrx_word' id='word_1_36' title='bbox 523 1051 627 1090; x_wconf 90' lang='lat' dir='ltr'><strong>sensus</strong></span> <span class='ocrx_word' id='word_1_37' title='bbox 649 1031 730 1090; x_wconf 77' lang='lat' dir='ltr'><strong>dicat</strong></span> <span class='ocrx_word' id='word_1_38' title='bbox 751 1049 870 1103; x_wconf 81' lang='lat' dir='ltr'><strong>eorum3</strong></span> 
     </span>
    </p>
   </div>
   <div class='ocr_carea' id='block_1_4' title="bbox 128 1224 1027 1886">
    <p class='ocr_par' dir='ltr' id='par_1_4' title="bbox 128 1224 962 1401">
     <span class='ocr_line' id='line_1_8' title="bbox 130 1224 962 1303; baseline -0.001 -20"><span class='ocrx_word' id='word_1_39' title='bbox 130 1225 246 1302; x_wconf 82' lang='lat' dir='ltr'><strong>fulgido</strong></span> <span class='ocrx_word' id='word_1_40' title='bbox 268 1226 442 1303; x_wconf 78' lang='lat' dir='ltr'><strong>praesertim</strong></span> <span class='ocrx_word' id='word_1_41' title='bbox 460 1245 528 1283; x_wconf 85' lang='lat' dir='ltr'><strong>eum</strong></span> <span class='ocrx_word' id='word_1_42' title='bbox 548 1245 667 1283; x_wconf 86' lang='lat' dir='ltr'><strong>eernere</strong></span> <span class='ocrx_word' id='word_1_43' title='bbox 686 1243 774 1301; x_wconf 78' lang='lat' dir='ltr'><strong>saepe</strong></span> <span class='ocrx_word' id='word_1_44' title='bbox 791 1224 962 1300; x_wconf 76' lang='lat' dir='ltr'><strong>nequimus,</strong></span> 
     </span>
     <span class='ocr_line' id='line_1_9' title="bbox 128 1324 885 1401; baseline -0.003 -18"><span class='ocrx_word' id='word_1_45' title='bbox 128 1325 244 1383; x_wconf 83' lang='lat' dir='ltr'><strong>luminu</strong></span> <span class='ocrx_word' id='word_1_46' title='bbox 261 1324 424 1383; x_wconf 82' lang='lat' dir='ltr'><strong>luminibus</strong></span> <span class='ocrx_word' id='word_1_47' title='bbox 439 1325 511 1401; x_wconf 76' lang='lat' dir='ltr'><strong>quio</strong></span> <span class='ocrx_word' id='word_1_48' title='bbox 530 1325 616 1383; x_wconf 85' lang='lat' dir='ltr'><strong>nobis</strong></span> <span class='ocrx_word' id='word_1_49' title='bbox 632 1324 885 1401; x_wconf 76' lang='lat' dir='ltr'><strong>praepediuntur.-</strong></span> 
     </span>
    </p>

    <p class='ocr_par' dir='ltr' id='par_1_5' title="bbox 130 1420 1027 1693">
     <span class='ocr_line' id='line_1_10' title="bbox 130 1420 1015 1499; baseline -0.003 -20"><span class='ocrx_word' id='word_1_50' title='bbox 130 1420 210 1498; x_wconf 87' lang='lat' dir='ltr'><strong>quod</strong></span> <span class='ocrx_word' id='word_1_51' title='bbox 224 1421 338 1480; x_wconf 75' lang='lat' dir='ltr'><strong>foribus</strong></span> <span class='ocrx_word' id='word_1_52' title='bbox 351 1441 413 1479; x_wconf 92' lang='lat' dir='ltr'><strong>non</strong></span> <span class='ocrx_word' id='word_1_53' title='bbox 425 1423 479 1494; x_wconf 88' lang='lat' dir='ltr'><strong>fit;</strong></span> <span class='ocrx_word' id='word_1_54' title='bbox 492 1440 589 1499; x_wconf 89' lang='lat' dir='ltr'><strong>neque</strong></span> <span class='ocrx_word' id='word_1_55' title='bbox 602 1423 691 1491; x_wconf 89' lang='lat' dir='ltr'><strong>enim,</strong></span> <span class='ocrx_word' id='word_1_56' title='bbox 703 1421 774 1496; x_wconf 79' lang='lat' dir='ltr'><strong>quio</strong></span> <span class='ocrx_word' id='word_1_57' title='bbox 783 1421 934 1478; x_wconf 83' lang='lat' dir='ltr'><strong>cemimus</strong></span> <span class='ocrx_word' id='word_1_58' title='bbox 949 1420 1015 1496; x_wconf 88' lang='lat' dir='ltr'><strong>ipsi,</strong></span> 
     </span>
     <span class='ocr_line' id='line_1_11' title="bbox 130 1517 1027 1595; baseline -0.003 -18"><span class='ocrx_word' id='word_1_59' title='bbox 130 1519 208 1577; x_wconf 81' lang='lat' dir='ltr'><strong>ostiu</strong></span> <span class='ocrx_word' id='word_1_60' title='bbox 229 1518 397 1595; x_wconf 80' lang='lat' dir='ltr'><strong>suscipiunt</strong></span> <span class='ocrx_word' id='word_1_61' title='bbox 412 1519 506 1576; x_wconf 90' lang='lat' dir='ltr'><strong>ullum</strong></span> <span class='ocrx_word' id='word_1_62' title='bbox 529 1518 646 1576; x_wconf 78' lang='lat' dir='ltr'><strong>recluso</strong></span> <span class='ocrx_word' id='word_1_63' title='bbox 665 1517 803 1575; x_wconf 80' lang='lat' dir='ltr'><strong>laborem.</strong></span> <span class='ocrx_word' id='word_1_64' title='bbox 971 1517 1027 1574; x_wconf 82' lang='lat'><strong>366</strong></span> 
     </span>
     <span class='ocr_line' id='line_1_12' title="bbox 130 1615 909 1693; baseline -0.004 -19"><span class='ocrx_word' id='word_1_65' title='bbox 130 1622 284 1693; x_wconf 75' lang='lat' dir='ltr'><strong>praeterea</strong></span> <span class='ocrx_word' id='word_1_66' title='bbox 304 1616 331 1674; x_wconf 89' lang='lat' dir='ltr'><strong>si</strong></span> <span class='ocrx_word' id='word_1_67' title='bbox 352 1635 406 1692; x_wconf 88' lang='lat' dir='ltr'><strong>pro</strong></span> <span class='ocrx_word' id='word_1_68' title='bbox 429 1616 544 1674; x_wconf 78' lang='lat' dir='ltr'><strong>foribus</strong></span> <span class='ocrx_word' id='word_1_69' title='bbox 568 1621 640 1673; x_wconf 86' lang='lat' dir='ltr'><strong>sunt</strong></span> <span class='ocrx_word' id='word_1_70' title='bbox 660 1615 775 1672; x_wconf 82' lang='lat' dir='ltr'><strong>luminu</strong></span> <span class='ocrx_word' id='word_1_71' title='bbox 795 1619 909 1688; x_wconf 80' lang='lat' dir='ltr'><strong>nostro,</strong></span> 
     </span>
    </p>

    <p class='ocr_par' dir='ltr' id='par_1_6' title="bbox 131 1711 852 1789">
     <span class='ocr_line' id='line_1_13' title="bbox 131 1711 852 1789; baseline -0.001 -20"><span class='ocrx_word' id='word_1_72' title='bbox 131 1713 191 1769; x_wconf 82' lang='lat' dir='ltr'><strong>iam</strong></span> <span class='ocrx_word' id='word_1_73' title='bbox 208 1712 303 1788; x_wconf 71' lang='lat' dir='ltr'><strong>magis</strong></span> <span class='ocrx_word' id='word_1_74' title='bbox 324 1713 470 1789; x_wconf 86' lang='lat' dir='ltr'><strong>exemptis</strong></span> <span class='ocrx_word' id='word_1_75' title='bbox 491 1713 584 1771; x_wconf 83' lang='lat' dir='ltr'><strong>oculis</strong></span> <span class='ocrx_word' id='word_1_76' title='bbox 604 1712 711 1771; x_wconf 89' lang='lat' dir='ltr'><strong>debere</strong></span> <span class='ocrx_word' id='word_1_77' title='bbox 731 1711 852 1768; x_wconf 84' lang='lat' dir='ltr'><strong>videtur</strong></span> 
     </span>
    </p>

    <p class='ocr_par' dir='ltr' id='par_1_7' title="bbox 131 1808 871 1886">
     <span class='ocr_line' id='line_1_14' title="bbox 131 1808 871 1886; baseline -0.001 -20"><span class='ocrx_word' id='word_1_78' title='bbox 131 1827 251 1867; x_wconf 82' lang='lat' dir='ltr'><strong>cernere</strong></span> <span class='ocrx_word' id='word_1_79' title='bbox 272 1829 319 1868; x_wconf 89' lang='lat' dir='ltr'><strong>res</strong></span> <span class='ocrx_word' id='word_1_80' title='bbox 342 1810 460 1868; x_wconf 80' lang='lat' dir='ltr'><strong>unimus</strong></span> <span class='ocrx_word' id='word_1_81' title='bbox 480 1810 607 1868; x_wconf 80' lang='lat' dir='ltr'><strong>sublatis</strong></span> <span class='ocrx_word' id='word_1_82' title='bbox 627 1809 762 1886; x_wconf 84' lang='lat' dir='ltr'><strong>postibus</strong></span> <span class='ocrx_word' id='word_1_83' title='bbox 782 1808 871 1885; x_wconf 53' lang='lat' dir='ltr'><strong>ipsis(</strong></span> 
     </span>
    </p>
   </div>
   <div class='ocr_carea' id='block_1_5' title="bbox 166 1959 1000 2136">
    <p class='ocr_par' dir='ltr' id='par_1_8' title="bbox 166 1959 1000 2136">
     <span class='ocr_line' id='line_1_15' title="bbox 166 1959 1000 2039; baseline -0.001 -18"><span class='ocrx_word' id='word_1_84' title='bbox 166 1959 297 2038; x_wconf 68' lang='lat' dir='ltr'><strong>opinion</strong></span> <span class='ocrx_word' id='word_1_85' title='bbox 310 1961 348 2037; x_wconf 79' lang='lat' dir='ltr'><strong>qs</strong></span> <span class='ocrx_word' id='word_1_86' title='bbox 353 1962 641 2022; x_wconf 74' lang='lat' dir='ltr'><strong>Democritus-thot</strong></span> <span class='ocrx_word' id='word_1_87' title='bbox 649 1962 788 2039; x_wconf 76' lang='lat' dir='ltr'><strong>portieles</strong></span> <span class='ocrx_word' id='word_1_88' title='bbox 800 1962 838 2038; x_wconf 88' lang='lat' dir='ltr'><strong>os</strong></span> <span class='ocrx_word' id='word_1_89' title='bbox 844 1962 921 2038; x_wconf 75' lang='lat' dir='ltr'><strong>body</strong></span> <span class='ocrx_word' id='word_1_90' title='bbox 934 1961 1000 2020; x_wconf 76' lang='lat' dir='ltr'><strong>wod</strong></span> 
     </span>
     <span class='ocr_line' id='line_1_16' title="bbox 245 2057 920 2136; baseline 0.006 -21"><span class='ocrx_word' id='word_1_91' title='bbox 245 2057 311 2116; x_wconf 71' lang='lat' dir='ltr'><strong>sord</strong></span> <span class='ocrx_word' id='word_1_92' title='bbox 322 2079 372 2117; x_wconf 82' lang='lat' dir='ltr'><strong>ore</strong></span> <span class='ocrx_word' id='word_1_93' title='bbox 385 2059 533 2133; x_wconf 67' lang='lat' dir='ltr'><strong>oltewwte,</strong></span> <span class='ocrx_word' id='word_1_94' title='bbox 547 2060 612 2118; x_wconf 78' lang='lat' dir='ltr'><strong>ond</strong></span> <span class='ocrx_word' id='word_1_95' title='bbox 623 2059 739 2136; x_wconf 70' lang='lat' dir='ltr'><strong>equally</strong></span> <span class='ocrx_word' id='word_1_96' title='bbox 752 2079 920 2119; x_wconf 73' lang='lat' dir='ltr'><strong>nummus.</strong></span> 
     </span>
    </p>
   </div>
   <div class='ocr_carea' id='block_1_6' title="bbox 132 2175 1036 3315">
    <p class='ocr_par' dir='ltr' id='par_1_9' title="bbox 132 2175 1036 3315">
     <span class='ocr_line' id='line_1_17' title="bbox 172 2175 1029 2257; baseline 0.006 -22"><span class='ocrx_word' id='word_1_97' title='bbox 172 2175 255 2236; x_wconf 89' lang='lat' dir='ltr'><strong>Illud</strong></span> <span class='ocrx_word' id='word_1_98' title='bbox 276 2178 309 2236; x_wconf 90' lang='lat' dir='ltr'><strong>in</strong></span> <span class='ocrx_word' id='word_1_99' title='bbox 324 2177 372 2237; x_wconf 84' lang='lat' dir='ltr'><strong>his</strong></span> <span class='ocrx_word' id='word_1_100' title='bbox 388 2179 478 2237; x_wconf 87' lang='lat' dir='ltr'><strong>rebus</strong></span> <span class='ocrx_word' id='word_1_101' title='bbox 495 2199 682 2256; x_wconf 76' lang='lat' dir='ltr'><strong>nequaquam</strong></span> <span class='ocrx_word' id='word_1_102' title='bbox 702 2199 817 2238; x_wconf 88' lang='lat' dir='ltr'><strong>sumere</strong></span> <span class='ocrx_word' id='word_1_103' title='bbox 831 2181 937 2257; x_wconf 87' lang='lat' dir='ltr'><strong>possis,</strong></span> <span class='ocrx_word' id='word_1_104' title='bbox 973 2183 1029 2242; x_wconf 73' lang='lat'><strong>370</strong></span> 
     </span>
     <span class='ocr_line' id='line_1_18' title="bbox 132 2274 879 2356; baseline 0.003 -22"><span class='ocrx_word' id='word_1_105' title='bbox 132 2274 297 2334; x_wconf 79' lang='lat' dir='ltr'><strong>Democriti</strong></span> <span class='ocrx_word' id='word_1_106' title='bbox 317 2277 395 2354; x_wconf 91' lang='lat' dir='ltr'><strong>quod</strong></span> <span class='ocrx_word' id='word_1_107' title='bbox 416 2283 520 2336; x_wconf 77' lang='lat' dir='ltr'><strong>sancte</strong></span> <span class='ocrx_word' id='word_1_108' title='bbox 538 2278 597 2335; x_wconf 79' lang='lat' dir='ltr'><strong>viri</strong></span> <span class='ocrx_word' id='word_1_109' title='bbox 617 2278 766 2336; x_wconf 78' lang='lat' dir='ltr'><strong>sententio</strong></span> <span class='ocrx_word' id='word_1_110' title='bbox 784 2279 879 2356; x_wconf 87' lang='lat' dir='ltr'><strong>ponit,</strong></span> 
     </span>
     <span class='ocr_line' id='line_1_19' title="bbox 133 2372 917 2453; baseline 0.006 -23"><span class='ocrx_word' id='word_1_111' title='bbox 133 2372 263 2450; x_wconf 89' lang='lat' dir='ltr'><strong>corporis</strong></span> <span class='ocrx_word' id='word_1_112' title='bbox 282 2380 373 2450; x_wconf 82' lang='lat' dir='ltr'><strong>atque</strong></span> <span class='ocrx_word' id='word_1_113' title='bbox 392 2375 485 2432; x_wconf 78' lang='lat' dir='ltr'><strong>animi</strong></span> <span class='ocrx_word' id='word_1_114' title='bbox 504 2374 667 2451; x_wconf 77' lang='lat' dir='ltr'><strong>primordio</strong></span> <span class='ocrx_word' id='word_1_115' title='bbox 685 2374 802 2451; x_wconf 80' lang='lat' dir='ltr'><strong>singula</strong></span> <span class='ocrx_word' id='word_1_116' title='bbox 821 2377 917 2453; x_wconf 85' lang='lat' dir='ltr'><strong>privis</strong></span> 
     </span>
     <span class='ocr_line' id='line_1_20' title="bbox 133 2469 908 2546; baseline 0.005 -19"><span class='ocrx_word' id='word_1_117' title='bbox 133 2469 269 2546; x_wconf 74' lang='lat' dir='ltr'><strong>adposito</strong></span> <span class='ocrx_word' id='word_1_118' title='bbox 287 2471 411 2530; x_wconf 77' lang='lat' dir='ltr'><strong>alternis</strong></span> <span class='ocrx_word' id='word_1_119' title='bbox 430 2472 554 2544; x_wconf 78' lang='lat' dir='ltr'><strong>variare,</strong></span> <span class='ocrx_word' id='word_1_120' title='bbox 575 2491 610 2530; x_wconf 84' lang='lat' dir='ltr'><strong>ao</strong></span> <span class='ocrx_word' id='word_1_121' title='bbox 629 2477 747 2530; x_wconf 80' lang='lat' dir='ltr'><strong>nectere</strong></span> <span class='ocrx_word' id='word_1_122' title='bbox 766 2473 908 2533; x_wconf 79' lang='lat' dir='ltr'><strong>membru.</strong></span> 
     </span>
     <span class='ocr_line' id='line_1_21' title="bbox 132 2567 941 2630; baseline 0.007 -7"><span class='ocrx_word' id='word_1_123' title='bbox 132 2584 203 2623; x_wconf 79' lang='lat' dir='ltr'><strong>num</strong></span> <span class='ocrx_word' id='word_1_124' title='bbox 223 2585 290 2624; x_wconf 85' lang='lat' dir='ltr'><strong>oum</strong></span> <span class='ocrx_word' id='word_1_125' title='bbox 310 2567 406 2625; x_wconf 89' lang='lat' dir='ltr'><strong>multo</strong></span> <span class='ocrx_word' id='word_1_126' title='bbox 426 2573 499 2626; x_wconf 83' lang='lat' dir='ltr'><strong>sunt</strong></span> <span class='ocrx_word' id='word_1_127' title='bbox 517 2567 634 2626; x_wconf 78' lang='lat' dir='ltr'><strong>animae</strong></span> <span class='ocrx_word' id='word_1_128' title='bbox 655 2567 800 2626; x_wconf 81' lang='lat' dir='ltr'><strong>elemento</strong></span> <span class='ocrx_word' id='word_1_129' title='bbox 819 2570 941 2630; x_wconf 75' lang='lat' dir='ltr'><strong>minora</strong></span> 
     </span>
     <span class='ocr_line' id='line_1_22' title="bbox 133 2646 1032 2741; baseline 0.009 -24"><span class='ocrx_word' id='word_1_130' title='bbox 133 2679 222 2736; x_wconf 80' lang='lat' dir='ltr'><strong>quum</strong></span> <span class='ocrx_word' id='word_1_131' title='bbox 241 2661 349 2738; x_wconf 91' lang='lat' dir='ltr'><strong>quibus</strong></span> <span class='ocrx_word' id='word_1_132' title='bbox 366 2681 383 2720; x_wconf 88' lang='lat' dir='ltr'><strong>e</strong></span> <span class='ocrx_word' id='word_1_133' title='bbox 400 2681 506 2741; x_wconf 83' lang='lat' dir='ltr'><strong>eorpus</strong></span> <span class='ocrx_word' id='word_1_134' title='bbox 523 2663 609 2722; x_wconf 90' lang='lat' dir='ltr'><strong>nobis</strong></span> <span class='ocrx_word' id='word_1_135' title='bbox 627 2667 659 2721; x_wconf 84' lang='lat' dir='ltr'><strong>et</strong></span> <span class='ocrx_word' id='word_1_136' title='bbox 673 2663 785 2721; x_wconf 79' lang='lat' dir='ltr'><strong>viscera</strong></span> <span class='ocrx_word' id='word_1_137' title='bbox 796 2646 949 2738; x_wconf 72' lang='lat' dir='ltr'><strong>constent,</strong></span> <span class='ocrx_word' id='word_1_138' title='bbox 975 2667 1032 2725; x_wconf 76' lang='lat'><strong>375</strong></span> 
     </span>
     <span class='ocr_line' id='line_1_23' title="bbox 133 2760 1010 2837; baseline 0.01 -24"><span class='ocrx_word' id='word_1_139' title='bbox 133 2762 199 2813; x_wconf 92' lang='lat' dir='ltr'><strong>tum</strong></span> <span class='ocrx_word' id='word_1_140' title='bbox 223 2776 346 2816; x_wconf 91' lang='lat' dir='ltr'><strong>numero</strong></span> <span class='ocrx_word' id='word_1_141' title='bbox 368 2777 486 2836; x_wconf 86' lang='lat' dir='ltr'><strong>quoque</strong></span> <span class='ocrx_word' id='word_1_142' title='bbox 510 2760 678 2819; x_wconf 82' lang='lat' dir='ltr'><strong>concedunt</strong></span> <span class='ocrx_word' id='word_1_143' title='bbox 699 2766 731 2818; x_wconf 89' lang='lat' dir='ltr'><strong>et</strong></span> <span class='ocrx_word' id='word_1_144' title='bbox 753 2780 821 2817; x_wconf 80' lang='lat' dir='ltr'><strong>rura</strong></span> <span class='ocrx_word' id='word_1_145' title='bbox 840 2779 897 2837; x_wconf 84' lang='lat' dir='ltr'><strong>per</strong></span> <span class='ocrx_word' id='word_1_146' title='bbox 922 2771 1010 2822; x_wconf 77' lang='lat' dir='ltr'><strong>uitus</strong></span> 
     </span>
     <span class='ocr_line' id='line_1_24' title="bbox 134 2850 982 2936; baseline 0.009 -28"><span class='ocrx_word' id='word_1_147' title='bbox 134 2850 240 2909; x_wconf 81' lang='lat' dir='ltr'><strong>dissito</strong></span> <span class='ocrx_word' id='word_1_148' title='bbox 259 2858 332 2912; x_wconf 87' lang='lat' dir='ltr'><strong>sunt</strong></span> <span class='ocrx_word' id='word_1_149' title='bbox 351 2853 528 2930; x_wconf 80' lang='lat' dir='ltr'><strong>dumtoxot3</strong></span> <span class='ocrx_word' id='word_1_150' title='bbox 548 2861 584 2914; x_wconf 89' lang='lat' dir='ltr'><strong>ut</strong></span> <span class='ocrx_word' id='word_1_151' title='bbox 602 2856 659 2915; x_wconf 83' lang='lat' dir='ltr'><strong>hoo</strong></span> <span class='ocrx_word' id='word_1_152' title='bbox 680 2857 854 2933; x_wconf 81' lang='lat' dir='ltr'><strong>promittere</strong></span> <span class='ocrx_word' id='word_1_153' title='bbox 874 2859 982 2936; x_wconf 83' lang='lat' dir='ltr'><strong>possis,</strong></span> 
     </span>
     <span class='ocr_line' id='line_1_25' title="bbox 134 2935 861 3030; baseline 0.011 -26"><span class='ocrx_word' id='word_1_154' title='bbox 134 2948 280 3025; x_wconf 78' lang='lat' dir='ltr'><strong>quantulo</strong></span> <span class='ocrx_word' id='word_1_155' title='bbox 297 2950 396 3026; x_wconf 85' lang='lat' dir='ltr'><strong>prime</strong></span> <span class='ocrx_word' id='word_1_156' title='bbox 415 2935 528 3030; x_wconf 80' lang='lat' dir='ltr'><strong>queunt</strong></span> <span class='ocrx_word' id='word_1_157' title='bbox 546 2954 633 3012; x_wconf 88' lang='lat' dir='ltr'><strong>nobis</strong></span> <span class='ocrx_word' id='word_1_158' title='bbox 653 2954 763 3013; x_wconf 79' lang='lat' dir='ltr'><strong>iniectu</strong></span> <span class='ocrx_word' id='word_1_159' title='bbox 783 2953 861 3012; x_wconf 84' lang='lat' dir='ltr'><strong>ciere</strong></span> 
     </span>
     <span class='ocr_line' id='line_1_26' title="bbox 135 3047 859 3127; baseline 0.01 -25"><span class='ocrx_word' id='word_1_160' title='bbox 135 3062 257 3119; x_wconf 78' lang='lat' dir='ltr'><strong>oorporu</strong></span> <span class='ocrx_word' id='word_1_161' title='bbox 276 3047 432 3107; x_wconf 71' lang='lat' dir='ltr'><strong>sensiferos</strong></span> <span class='ocrx_word' id='word_1_162' title='bbox 450 3055 551 3107; x_wconf 87' lang='lat' dir='ltr'><strong>motus</strong></span> <span class='ocrx_word' id='word_1_163' title='bbox 570 3050 603 3106; x_wconf 90' lang='lat' dir='ltr'><strong>in</strong></span> <span class='ocrx_word' id='word_1_164' title='bbox 623 3069 749 3127; x_wconf 84' lang='lat' dir='ltr'><strong>corpore,</strong></span> <span class='ocrx_word' id='word_1_165' title='bbox 770 3055 859 3109; x_wconf 74' lang='lat' dir='ltr'><strong>tantu</strong></span> 
     </span>
     <span class='ocr_line' id='line_1_27' title="bbox 135 3138 1036 3223; baseline 0.014 -28"><span class='ocrx_word' id='word_1_166' title='bbox 135 3138 294 3198; x_wconf 74' lang='lat' dir='ltr'><strong>intervallo</strong></span> <span class='ocrx_word' id='word_1_167' title='bbox 312 3147 414 3201; x_wconf 84' lang='lat' dir='ltr'><strong>tenere</strong></span> <span class='ocrx_word' id='word_1_168' title='bbox 432 3146 555 3203; x_wconf 82' lang='lat' dir='ltr'><strong>exordio</strong></span> <span class='ocrx_word' id='word_1_169' title='bbox 573 3145 669 3223; x_wconf 80' lang='lat' dir='ltr'><strong>primu</strong></span> <span class='ocrx_word' id='word_1_170' title='bbox 689 3146 808 3205; x_wconf 75' lang='lat' dir='ltr'><strong>animai.</strong></span> <span class='ocrx_word' id='word_1_171' title='bbox 977 3150 1036 3208; x_wconf 81' lang='lat'><strong>380</strong></span> 
     </span>
     <span class='ocr_line' id='line_1_28' title="bbox 135 3239 990 3315; baseline 0.016 -23"><span class='ocrx_word' id='word_1_172' title='bbox 135 3253 205 3306; x_wconf 77' lang='lat' dir='ltr'><strong>num</strong></span> <span class='ocrx_word' id='word_1_173' title='bbox 225 3255 321 3314; x_wconf 87' lang='lat' dir='ltr'><strong>neque</strong></span> <span class='ocrx_word' id='word_1_174' title='bbox 340 3239 471 3315; x_wconf 86' lang='lat' dir='ltr'><strong>pulveris</strong></span> <span class='ocrx_word' id='word_1_175' title='bbox 490 3241 641 3300; x_wconf 74' lang='lat' dir='ltr'><strong>interdum</strong></span> <span class='ocrx_word' id='word_1_176' title='bbox 659 3243 803 3302; x_wconf 86' lang='lat' dir='ltr'><strong>sentimus</strong></span> <span class='ocrx_word' id='word_1_177' title='bbox 823 3243 990 3306; x_wconf 76' lang='lat' dir='ltr'><strong>adhaesum</strong></span> 
     </span>
    </p>
   </div>
   <div class='ocr_carea' id='block_1_7' title="bbox 136 3336 1004 3420">
    <p class='ocr_par' dir='ltr' id='par_1_10' title="bbox 136 3336 1004 3420">
     <span class='ocr_line' id='line_1_29' title="bbox 136 3336 1004 3420; baseline 0.02 -31"><span class='ocrx_word' id='word_1_178' title='bbox 136 3351 256 3409; x_wconf 79' lang='lat' dir='ltr'><strong>corpore</strong></span> <span class='ocrx_word' id='word_1_179' title='bbox 275 3353 330 3394; x_wconf 86' lang='lat' dir='ltr'><strong>neo</strong></span> <span class='ocrx_word' id='word_1_180' title='bbox 348 3336 488 3395; x_wconf 81' lang='lat' dir='ltr'><strong>membris</strong></span> <span class='ocrx_word' id='word_1_181' title='bbox 507 3339 656 3401; x_wconf 74' lang='lat' dir='ltr'><strong>incussum</strong></span> <span class='ocrx_word' id='word_1_182' title='bbox 675 3341 770 3401; x_wconf 81' lang='lat' dir='ltr'><strong>sidem</strong></span> <span class='ocrx_word' id='word_1_183' title='bbox 789 3349 914 3420; x_wconf 83' lang='lat' dir='ltr'><strong>oretum,</strong></span> <span class='ocrx_word' id='word_1_184' title='bbox 1002 3404 1004 3408; x_wconf 85' lang='grc'><strong>,</strong></span> 
     </span>
    </p>
   </div>
   <div class='ocr_carea' id='block_1_8' title="bbox 59 3431 893 3540">
    <p class='ocr_par' dir='ltr' id='par_1_11' title="bbox 59 3431 893 3540">
     <span class='ocr_line' id='line_1_30' title="bbox 59 3431 893 3540; baseline 0.022 -57"><span class='ocrx_word' id='word_1_185' title='bbox 59 3444 191 3540; x_wconf 56' lang='grc' dir='ltr'><strong>,που</strong></span> <span class='ocrx_word' id='word_1_186' title='bbox 210 3431 349 3490; x_wconf 74' lang='lat' dir='ltr'><strong>nebulum</strong></span> <span class='ocrx_word' id='word_1_187' title='bbox 369 3443 461 3490; x_wconf 78' lang='lat' dir='ltr'><strong>noctu</strong></span> <span class='ocrx_word' id='word_1_188' title='bbox 481 3454 577 3512; x_wconf 87' lang='lat' dir='ltr'><strong>nequo</strong></span> <span class='ocrx_word' id='word_1_189' title='bbox 597 3438 698 3497; x_wconf 77' lang='lat' dir='ltr'><strong>uruuei</strong></span> <span class='ocrx_word' id='word_1_190' title='bbox 717 3439 820 3499; x_wconf 77' lang='lat' dir='ltr'><strong>tenvis</strong></span> <span class='ocrx_word' id='word_1_191' title='bbox 840 3441 893 3501; x_wconf 72' lang='lat' dir='ltr'><strong>fila</strong></span> 
     </span>
    </p>
   </div>
   <div class='ocr_carea' id='block_1_9' title="bbox 0 0 1113 3764">
    <p class='ocr_par' dir='ltr' id='par_1_12' title="bbox 0 0 1113 3764">
     <span class='ocr_line' id='line_1_31' title="bbox 0 0 1113 3764; baseline 0 0"><span class='ocrx_word' id='word_1_192' title='bbox 0 0 1113 3764; x_wconf 95' lang='lat' dir='ltr'><strong> </strong></span> 
     </span>
    </p>
   </div>
   <div class='ocr_carea' id='block_1_10' title="bbox 1050 3506 1065 3647">
    <p class='ocr_par' dir='ltr' id='par_1_13' title="bbox 1050 3506 1065 3647">
     <span class='ocr_line' id='line_1_32' title="bbox 1050 3506 1065 3647; baseline 0 0"><span class='ocrx_word' id='word_1_193' title='bbox 1050 3506 1065 3647; x_wconf 36' lang='lat'><strong>&#39;¹2</strong></span> 
     </span>
    </p>
   </div>
   <div class='ocr_carea' id='block_1_11' title="bbox 1065 3650 1094 3728">
    <p class='ocr_par' dir='ltr' id='par_1_14' title="bbox 1065 3650 1094 3728">
     <span class='ocr_line' id='line_1_33' title="bbox 1065 3650 1075 3677; baseline 0 0"><span class='ocrx_word' id='word_1_194' title='bbox 1065 3650 1075 3677; x_wconf 68' lang='lat' dir='ltr'>x</span> 
     </span>
     <span class='ocr_line' id='line_1_34' title="bbox 1079 3694 1094 3728; baseline 0 0"><span class='ocrx_word' id='word_1_195' title='bbox 1079 3694 1094 3728; x_wconf 63' lang='lat' dir='ltr'>x</span> 
     </span>
    </p>
   </div>
  </div>
 </body>
</html>
